3098 5160
662 473 831 523 JOHANNIS
850 473 990 524 WYCLIF
1205 458 1297 550 [CAP.
1311 470 1330 513 Ι.

335 628 374 690 Et
403 628 447 689 sic
476 648 512 689 ex
543 630 647 691 verbis
672 628 793 692 Christi
822 646 853 694 et
882 633 930 693 sui
964 633 1112 715 discipuli
1140 639 1329 718 Augustini

333 733 391 794 tria
418 735 572 795 notabilia
596 747 671 796 sunt
695 738 846 817 notanda,
870 736 975 817 primo
999 740 1087 822 quod
1108 759 1184 801 caro
1198 739 1329 804 Christi

333 852 364 899 et
396 839 524 920 sanguis
557 840 661 901 solum
695 840 902 922 spiritualiter
934 843 1038 904 solent
1067 845 1209 927 comedi3
1251 867 1329 909 narn

333 943 420 1005 Deus
453 944 614 1006 ordinavit
647 947 830 1007 eternaliter
862 947 949 1027 quod
981 957 1112 1010 sanctus
1143 969 1230 1012 suus
1263 971 1328 1012 non

334 1047 452 1109 videret
480 1049 723 1130 corrupcionem
753 1052 783 1109 in
814 1050 923 1132 aliquo
951 1054 1098 1114 membro
1126 1073 1197 1116 su0.
1233 1056 1356 1118 Paret-⁴

335 1154 475 1214 secundo
515 1155 600 1237 quod
640 1174 697 1215 nec
737 1155 837 1217 bestia
869 1175 926 1216 nec
959 1156 1114 1237 prescitus
1147 1160 1330 1222 manducat

334 1260 377 1319 sic
402 1278 517 1340 corpus
536 1258 666 1340 Christi,
691 1261 765 1321 licet
788 1260 960 1322 manducet
985 1263 1197 1344 corporaliter
1219 1284 1328 1327 sacra·

335 1379 490 1425 mentum.
525 1365 566 1425 Et
595 1378 684 1446 patet
713 1366 813 1426 tercio
841 1365 921 1426 mira
954 1366 1113 1430 subtilitas
1145 1370 1328 1432 verborum

335 1469 476 1530 doctoris
514 1488 577 1551 qua
618 1469 695 1531 dicit
737 1490 801 1531 non
839 1471 926 1552 quod
966 1470 1118 1552 indignus
1157 1473 1331 1537 visibiliter

335 1574 450 1656 premit
478 1573 628 1634 dentibus
656 1593 771 1655 corpus
796 1573 913 1637 Christi
945 1577 999 1636 sed
1032 1577 1119 1658 quod
1152 1578 1328 1642 visibiliter
1344 1598 1372 1632 10
1407 1556 1413 1567 .

335 1679 450 1760 premit
490 1679 640 1740 dentibus
678 1693 915 1741 sacramentum
956 1681 1099 1762 corporis
1133 1680 1257 1744 Christi
1299 1698 1330 1746 et

336 1782 509 1864 sanguinis.
535 1783 614 1844 Illud
640 1784 725 1845 enim
749 1799 983 1847 sacramentum
1010 1786 1100 1849 valde
1117 1787 1331 1870 distinguitur

336 1911 352 1950 a
379 1908 512 1970 corpore
537 1887 654 1950 Christi
679 1889 766 1970 quod
791 1903 838 1951 est
863 1910 910 1950 res
935 1890 1031 1952 huius
1055 1894 1260 1955 sacramenti.

381 1994 475 2058 Unde
492 1994 630 2053 notanda
648 2007 694 2054 est
711 1993 893 2056 differentia
907 2015 1002 2078 quam
1018 1995 1109 2077 ponit
1120 1996 1328 2078 Augustinus

337 2101 419 2162 inter
452 2118 541 2160 esum
578 2099 736 2159 carnalem
772 2114 802 2161 et
835 2099 1044 2180 spiritualem.
1084 2102 1166 2163 Nam
1201 2101 1232 2162 in
1269 2106 1368 2165 esur-³

338 2204 455 2267 carnali
481 2216 660 2265 comestum
680 2204 762 2264 cedit
780 2204 810 2264 in
830 2205 1064 2267 nutrimentum
1089 2207 1224 2288 edentis,
1249 2228 1327 2269 curn

339 2310 495 2371 inbibitur
519 2307 586 2369 eius
609 2307 774 2370 membris.
800 2308 833 2368 ln
851 2309 1047 2371 comestione
1068 2330 1143 2372 vero
1163 2311 1325 2392 spirituali

338 2428 385 2475 est
403 2425 541 2493 econtra,
567 2431 640 2473 cum
658 2413 829 2474 comedens
847 2433 964 2495 corpus
977 2413 1097 2476 Christi
1117 2413 1328 2497 spiritualiter

338 2517 448 2580 exhinc
472 2517 694 2596 incorporatur
716 2517 869 2578 membris
893 2517 1021 2579 ecclesie
1051 2532 1082 2580 et
1109 2517 1154 2580 sic
1175 2517 1327 2600 Christo;

339 2635 501 2684 comestus
525 2633 632 2682 autem
658 2620 870 2702 spiritualiter
892 2636 1022 2704 superat
1046 2623 1282 2686 comedentem.
1338 2645 1368 2680 20

142 2734 310 2799 Ttrebodyos
384 2727 450 2788 Nec
482 2727 588 2787 valent
622 2726 750 2804 argucie
783 2740 814 2787 et
845 2724 959 2787 ficticie
992 2726 1172 2809 sompniate
1211 2742 1328 2790 contra

158 2790 294 2896 tperppbr'pr
341 2833 433 2893 istam
463 2831 668 2892 sentenciam.
709 2837 858 2912 Arguunt
892 2831 977 2892 enim
1010 2832 1141 2914 quidam
1170 2833 1271 2914 quod,
1302 2834 1329 2894 si

175 2900 275 2947 ψῃ
339 2937 438 2997 homo
471 2934 567 2996 sentit
601 2934 778 3013 hominem,
812 2937 890 2996 dum
918 2937 1016 2997 sentit
1045 2936 1111 2997 eius
1134 2935 1329 3000 indumenta

340 3062 376 3102 ex
410 3055 500 3102 motu
536 3039 600 3100 vite
633 3039 762 3102 latentis
795 3040 997 3122 intrinsecus,
1030 3041 1118 3123 quod
1150 3061 1208 3123 per
1241 3042 1329 3104 idem

340 3146 435 3207 sentit
469 3165 584 3226 corpus
609 3143 736 3223 Christi,
777 3144 855 3205 dum
889 3147 985 3207 sentit
1019 3158 1257 3209 sacramentum
1291 3152 1370 3210 ex²5

341 3250 409 3311 eius
434 3250 592 3310 mocione.
619 3247 682 3310 Sed
706 3249 765 3310 ista
790 3250 917 3329 argucia
942 3251 1116 3332 procedens
1138 3269 1196 3332 per
1217 3252 1330 3315 locum

340 3377 357 3415 a
381 3354 476 3416 simili
501 3367 649 3434 argueret
673 3355 760 3435 quod
786 3355 884 3415 homo
910 3355 997 3417 videt
1013 3357 1117 3417 Deum
1136 3369 1167 3417 et
1183 3358 1330 3420 animam

340 3473 370 3521 et
387 3460 432 3521 sic
448 3459 487 3520 de
503 3458 646 3540 qualibet
663 3458 805 3540 quinque
821 3458 1057 3540 sensacionum,
1082 3460 1214 3541 quando
1230 3464 1332 3526 sentit

340 3564 521 3626 subiectum
545 3583 581 3623 ert
606 3583 718 3624 eorum
741 3563 889 3624 mocione
913 3563 1001 3625 vitali
1024 3563 1205 3626 intrinseca.

384 3668 583 3731 Conceditur
611 3687 688 3748 ergo
713 3669 800 3749 quod
826 3666 982 3749 contingit
1007 3668 1122 3731 sentire
1144 3670 1333 3734 subiectum
1344 3679 1376 3731 30

342 3794 396 3853 per
433 3772 579 3833 accidens
613 3773 712 3833 modo
746 3792 811 3853 quo
844 3771 969 3852 dicitur,
1000 3772 1056 3833 sed
1088 3786 1163 3834 tunc
1196 3791 1333 3856 oportet

341 3896 470 3937 sensum
495 3897 702 3939 communem
727 3877 777 3938 vel
800 3876 937 3958 aliquem
963 3897 1093 3938 sensum
1115 3876 1333 3943 intrinsecum

391 4091 410 4123 2.
440 4080 471 4124 C:
499 4081 561 4136 quod
583 4081 606 4123 in
630 4094 702 4136 marg.
727 4083 770 4125 alia
794 4095 873 4126 manu.
952 4080 972 4126 3.
1001 4081 1034 4125 D:
1061 4086 1115 4125 sunt
1141 4081 1235 4135 edendi,
1265 4097 1332 4130 nam.

341 4163 372 4201 to,
393 4163 417 4194 n.
438 4151 512 4194 ABC:
534 4163 619 4206 corpur
639 4153 730 4194 t'trrisrr'
747 4176 769 4183 —
789 4152 896 4194 alentibus
916 4153 987 4195 deest.
1068 4163 1100 4207 ¹9-
1121 4151 1153 4196 D:
1174 4165 1204 4196 ex
1221 4153 1336 4209 homine,-

341 4221 371 4262 lb.
387 4221 440 4263 All:
462 4221 556 4263 ecclesie
574 4221 649 4269 deust:
672 4221 690 4264 C
710 4223 732 4264 in
753 4234 825 4276 marg.
841 4222 885 4265 alia
901 4234 978 4264 manu.
1058 4233 1091 4265 aa.
1107 4221 1205 4266 ABCD:
1227 4225 1334 4279 quidem.

340 4289 371 4333 25.
383 4290 412 4332 E:
429 4303 478 4333 cum
488 4291 564 4333 sentit.
611 4289 640 4333 31.
652 4290 683 4333 C:
698 4296 791 4345 oportet
804 4292 828 4334 in
839 4304 912 4345 intra.
923 4292 967 4335 alin
978 4303 1057 4334 manu.
1099 4289 1132 4335 32.
1144 4291 1177 4335 tt:
1192 4293 1231 4336 vel
1243 4296 1335 4341 anime.

393 4431 418 4479 4.
439 4416 535 4465 Psaint.
554 4416 667 4477 xV,10.
