3104 5168
111 1844 114 1849 ·
125 1825 226 1868 Christ's
236 1824 298 1884 bodi
310 1825 331 1868 is

136 1885 176 1921 not
192 1879 280 1930 subject
293 1885 318 1921 to

127 1932 330 1977 beborned.eaten

150 1996 179 2026 or
192 1983 302 2026 romitcd.

144 3290 279 3344 According
292 3297 316 3331 to

136 3349 326 3450 waltarith

129 3408 229 3490 rheti-es
246 3446 333 3489 Christ.

673 504 842 553 Jottattttts
862 503 1002 553 wrettt
1192 486 1274 570 [car.
1289 500 1330 544 rx.

341 659 407 722 ficit
445 660 632 722 humanitus
668 661 846 742 quamlibet
882 674 1067 722 creaturam.
1107 660 1169 722 Sed
1197 675 1326 743 propter

340 766 587 827 innovacionem
615 767 665 827 vel
692 765 912 846 incepcionem
941 765 1067 827 virtutis
1101 786 1166 827 non
1198 781 1326 847 oportet

340 889 457 950 corpus
493 869 612 931 Christi
652 870 937 951 correspondentes
971 870 1104 949 moveri,
1142 869 1223 932 sicut
1262 892 1325 932 non

341 988 470 1055 oportet
504 994 609 1056 regem
649 975 769 1035 moveri
807 975 1091 1056 correspondenter
1123 975 1163 1036 ad
1202 988 1326 1037 motum

341 1078 437 1140 baiuli
461 1098 534 1140 suas
558 1080 679 1141 litteras
702 1079 881 1141 deferentis.
915 1080 1071 1154 Quamvis
1101 1081 1186 1140 enim
1210 1091 1351 1162 corpos5

342 1182 459 1245 Christi
482 1184 523 1245 sit
546 1184 677 1266 ubique,
701 1185 802 1246 eciam
826 1203 884 1265 per
904 1197 1014 1246 totum
1037 1185 1197 1246 mundum
1221 1184 1327 1246 sublu-

341 1309 464 1368 narem,
489 1303 596 1350 tamen
613 1304 658 1350 est
675 1290 814 1371 quadam
832 1289 1052 1370 singularitate
1076 1290 1107 1349 in
1131 1304 1328 1351 sacramento

340 1394 462 1474 altaris,
486 1395 542 1456 sed
564 1395 649 1457 sicut
673 1415 737 1455 non
761 1395 911 1456 alteratur
935 1395 984 1455 vel
1007 1408 1157 1456 movetur
1180 1396 1211 1456 in
1229 1415 1328 1477 quan·

342 1497 430 1560 ritate
458 1499 499 1558 ad
527 1514 654 1560 motum
682 1498 796 1579 hostie,
831 1500 873 1560 ita
910 1520 975 1561 non
1009 1513 1157 1561 movetur
1188 1499 1330 1561 localiter

341 1605 628 1685 correspondenter
651 1619 686 1666 ut
709 1605 777 1685 ipsa
806 1617 957 1665 movetur
979 1604 1131 1682 localiter,
1163 1605 1239 1686 quia
1263 1625 1370 1666 nonio

341 1707 478 1789 acquirit
506 1708 565 1768 sibi
594 1729 632 1769 ex
659 1723 750 1770 motu
780 1708 885 1771 hostie
909 1709 1120 1791 quantitatem
1148 1722 1204 1770 aut
1227 1709 1328 1790 quali-

342 1827 452 1891 tatem,
489 1813 573 1874 sicut
605 1833 661 1875 nec
695 1833 731 1874 ex
767 1813 931 1875 delacione
968 1813 1074 1875 hostie
1106 1813 1164 1874 sibi
1196 1812 1329 1895 acquirit

343 1937 474 1998 novum,
507 1919 595 1999 quod
631 1918 714 1979 sicut
742 1937 859 2000 corpus
892 1918 1011 1981 Christi
1045 1939 1111 1979 nou
1143 1917 1330 1979 conburitur

342 2023 497 2083 conbusta
536 2022 653 2104 pixide,
691 2023 735 2084 sic
772 2042 829 2084 nec
862 2024 1003 2085 elevatur
1040 2042 1097 2084 nec
1131 2016 1330 2084 submittittir

343 2127 515 2208 presbitero
532 2126 671 2190 hostiam
695 2129 739 2189 sic
764 2143 925 2190 movente.
951 2129 992 2189 Et
1006 2141 1094 2209 patet
1110 2128 1197 2209 quod
1215 2146 1331 2208 corpus
1344 2140 1372 2190 15

344 2232 461 2294 Christi
485 2252 550 2293 non
574 2234 734 2295 evomitur
757 2233 807 2294 vel
830 2247 980 2296 screatur.
1004 2233 1044 2294 Et
1060 2233 1170 2315 quoad
1194 2233 1330 2293 mandu-

342 2339 504 2398 cacionem
538 2320 625 2419 patet
658 2359 694 2399 ex
724 2339 817 2401 dictis
850 2338 1019 2420 dupliciter
1053 2351 1160 2418 potest
1187 2332 1339 2418 intelligi,'

345 2444 393 2502 vel
410 2443 530 2524 tropice
546 2444 596 2504 vel
612 2443 808 2525 ydemptice3
831 2443 1013 2525 ydemptice
1037 2463 1102 2504 non
1119 2443 1331 2504 manducatur

343 2548 549 2628 corporaliter
572 2549 625 2609 sed
649 2548 855 2630 spiritualiter
878 2570 894 2609 a
920 2548 1015 2622 fideli,
1049 2549 1127 2609 dum
1160 2568 1250 2608 mens
1272 2567 1329 2607 sua

343 2653 481 2733 pascitur
498 2673 535 2713 ex
551 2654 708 2715 memoria
727 2653 867 2735 corporis
884 2653 1018 2732 Christi3
1036 2668 1067 2715 et
1082 2652 1126 2714 sic
1144 2673 1207 2714 non
1224 2665 1329 2733 potest
1340 2677 1371 2712 20
1404 2658 1412 2671 ⁸

344 2757 529 2818 manducari
553 2779 570 2818 a
594 2758 693 2820 bestia
717 2778 774 2818 nec
798 2759 1007 2819 manducatur
1037 2757 1080 2818 sic
1103 2779 1122 2819 a
1144 2756 1329 2838 simpliciter

345 2861 439 2942 fideli,
463 2863 517 2923 sed
541 2863 691 2944 indignus
714 2863 888 2924 manducat
911 2879 1148 2924 sacramentum
1168 2877 1199 2923 et
1215 2860 1329 2942 accipit

344 2988 457 3051 corpus
482 2966 612 3035 Christi.
638 2968 731 3030 Unde
754 2968 840 3029 aliud
865 2980 913 3029 est
936 2988 1059 3051 capere,
1082 2966 1170 3027 aliud
1193 2966 1328 3028 mandu-

344 3091 430 3150 care;
454 3094 528 3134 nam
553 3072 646 3135 multi
669 3072 833 3154 accipiunt
849 3072 1003 3153 Spiritum
1020 3071 1175 3133 Sanctum
1194 3071 1329 3153 quinon

344 3195 392 3241 est
414 3178 542 3240 mobilis
570 3198 629 3239 nec
652 3179 859 3259 corporaliter
881 3176 1127 3256 manducabilis;
1150 3195 1203 3237 aer
1231 3175 1330 3237 eciam
1342 3185 1371 3234 25

344 3286 521 3347 secundum
546 3285 589 3344 sic
613 3284 782 3366 loquentes
806 3283 922 3365 accipit
952 3302 1068 3364 corpus
1092 3281 1221 3359 Christi,
1249 3282 1331 3342 sicut

345 3410 382 3451 os
399 3389 555 3468 hominis;
579 3389 728 3451 intestina
744 3389 845 3450 eciam
862 3387 1035 3450 bestiarum
1052 3387 1227 3448 intantum
1243 3387 1331 3468 quod

346 3496 465 3556 nedum
488 3515 606 3575 corpus
623 3493 742 3556 Christi
766 3510 813 3555 est
837 3494 879 3555 ad
896 3513 1029 3554 omnem
1045 3506 1202 3574 punctum
1219 3490 1331 3552 mundi

344 3602 400 3663 sed
423 3601 691 3663 sacramentaliter
714 3615 761 3662 est
781 3600 813 3660 in
831 3598 1033 3661 interioribus
1050 3598 1232 3679 bestiarum,
1256 3616 1332 3656 cum

345 3722 453 3787 posset
488 3708 529 3767 ab
565 3707 627 3767 illis
664 3705 765 3767 forma
803 3704 893 3786 panis
932 3703 1068 3782 extrahi;
1106 3716 1138 3764 et
1174 3702 1332 3784 quamdiu
1343 3710 1375 3761 30

344 3827 486 3874 remanet
508 3811 611 3874 forma
633 3812 725 3894 panis
748 3826 804 3873 aut
828 3810 893 3871 vini
916 3824 1112 3887 consecrata,
1140 3809 1252 3868 dicunt
1276 3807 1332 3866 ad·

344 3918 474 3980 versarii
498 3938 617 4001 corpus
634 3917 752 3979 Christi
778 3917 877 3978 eciam
893 3930 1181 3998 quantumcunque
1205 3913 1333 3974 modica

398 4206 428 4238 ta.
447 4193 543 4238 ABCD:
561 4194 595 4236 sic
611 4205 668 4244 rrec;
687 4192 718 4234 ib.
733 4190 829 4235 Acuti:
848 4191 988 4246 acquiritur.
1068 4186 1097 4232 13.
1116 4187 1190 4231 ABC:
1212 4188 1253 4230 abi
1267 4188 1336 4230 sicat.
1396 4220 1402 4233 .

346 4264 374 4307 n.
398 4264 471 4308 ABC:
494 4265 535 4306 sul·
553 4265 703 4318 presbyrum
729 4263 760 4304 ib.
783 4260 857 4304 Aue:
885 4265 1018 4303 mouentem.
1125 4258 1156 4301 to.
1181 4256 1214 4300 D:
1242 4257 1337 4300 evomit.

346 4346 376 4387 17.
388 4334 476 4377 Cous:
492 4339 514 4376 et
523 4334 598 4376 dictis.
614 4333 734 4383 Correxit;
754 4332 784 4374 ib.
795 4331 875 4374 Adde:
890 4331 955 4384 quod
968 4330 1101 4384 dupliciter.
1156 4340 1185 4370 ar.
1201 4325 1277 4370 Aue:
1294 4338 1338 4369 nec

346 4406 393 4454 sic;
407 4404 438 4446 it.
454 4404 486 4446 D:
500 4416 515 4446 a
529 4404 633 4458 simplici.
688 4413 721 4455 22,
736 4400 769 4445 23.
785 4402 816 4443 ll:
832 4406 892 4444 et-
909 4400 999 4443 Christi
1011 4400 1083 4442 deust.
1138 4397 1171 4441 23.
1186 4396 1217 4440 E:
1232 4403 1256 4440 e!
1268 4396 1339 4438 aliud

347 4474 404 4516 niter
417 4486 518 4528 cupere..
572 4473 603 4515 23.
620 4473 691 4515 .ll‘'C:
706 4472 847 4526 corporalis.
902 4482 937 4513 ro.
955 4469 1049 4512 Arrcti:
1064 4470 1088 4511 iri
1103 4469 1175 4510 deest.
