3098 5160
585 483 860 533 lNTROllliCTlON.
1316 488 1361 535 LV

62 674 213 719 naturam
245 673 276 720 et
308 659 521 720 substanciam
556 679 749 738 corpoream
784 673 813 719 et
856 662 1030 721 secundum
1074 662 1140 722 eius
1184 662 1361 722 naturalem

66 762 273 824 existenciam
299 764 431 824 eandem
456 765 587 845 penitus
611 767 641 824 in
667 778 779 825 natura
802 783 899 845 quam
916 765 1052 845 sumpsit
1071 766 1109 826 de
1126 766 1245 847 virgine
1262 767 1359 828 Maria

65 882 97 929 et
122 870 300 931 secundum
325 889 423 950 quam
447 866 563 931 residet
586 869 616 928 in
642 869 710 930 celo
745 867 775 930 in
809 870 932 931 dextera
960 870 1071 951 Patris,
1105 871 1153 932 cui
1182 870 1213 930 in
1247 871 1360 932 codem

62 989 266 1036 sacramento
292 973 395 1034 honor
419 972 536 1053 cultus,
569 973 792 1054 genuflexione
825 976 1026 1054 adoracione,
1060 976 1219 1036 luminum
1252 996 1360 1037 accen·

63 1077 155 1140 sione
179 1094 210 1141 et
233 1080 366 1141 aliarum
393 1079 639 1140 venerationum
663 1079 862 1141 exhibicione
880 1080 973 1141 debet
1000 1080 1147 1141 exhiberi.

169 1183 244 1246 Itis
269 1186 357 1267 quite
381 1186 463 1246 clear
487 1183 555 1245 that
579 1183 631 1244 the
656 1185 780 1265 quarrel
805 1185 947 1245 between
971 1184 1023 1246 the
1041 1184 1211 1247 Calixtines
1228 1186 1290 1247 and
1306 1187 1359 1248 the

63 1287 235 1349 Taborites
267 1288 293 1350 is
326 1289 494 1370 especially
527 1308 569 1349 on
602 1304 736 1349 account
771 1289 808 1350 of
839 1288 891 1350 the
926 1290 1068 1350 doctrine
1101 1290 1137 1351 of
1168 1290 1220 1352 the
1246 1289 1358 1353 Lord's

62 1393 200 1476 Supper,
225 1395 316 1457 wlich
343 1395 395 1456 the
418 1396 510 1456 latter
526 1393 704 1475 absolutely
723 1393 847 1455 refused
866 1408 899 1456 to
916 1396 1073 1455 abendon.
1098 1401 1141 1456 At
1159 1395 1211 1456 the
1233 1398 1358 1477 general

61 1500 168 1580 synod
191 1498 227 1559 of
249 1499 368 1574 Progne
392 1497 516 1582 (1444),
541 1499 616 1579 they
640 1499 740 1559 stated
766 1499 847 1560 their
870 1501 1012 1580 position
1036 1521 1069 1560 as
1094 1499 1234 1562 follows:

166 1602 207 1664 Et
231 1602 303 1664 idco
328 1602 538 1665 necessarium
573 1618 618 1662 est
652 1602 731 1662 circa
764 1603 824 1665 hoc
857 1601 1124 1687 (sacramentum)
1158 1607 1358 1686 evangelium

62 1706 202 1768 maxime
226 1709 389 1769 attendere
407 1707 519 1768 eteius
537 1726 647 1768 verum
666 1727 797 1768 sensum
815 1710 944 1770 scrutari
962 1710 1185 1770 scduccionem
1212 1711 1357 1772 callidam

60 1810 183 1873 diaboli
222 1812 253 1873 iu
286 1813 347 1874 hoc
380 1833 585 1893 summopere
630 1813 830 1894 declinand0,
868 1814 941 1895 quia
978 1815 1101 1890 Ductor
1139 1815 1358 1898 Euartgeficas·

60 1915 178 1997 spiritu
206 1917 397 1999 prophetico
415 1918 502 1995 dicit,
520 1917 828 2001 quomodocumque
845 1918 950 2000 spuria
968 1919 1156 1980 vitulamina
1171 1921 1357 1984 Antichristi

58 2022 276 2104 preciduntur,
301 2038 407 2085 tamen
434 2043 496 2083 non
522 2024 690 2085 cessabunt
714 2023 828 2085 iterum
854 2024 1021 2105 pullulare,
1052 2025 1109 2085 nisi
1134 2044 1247 2086 eorum
1271 2029 1357 2089 radix

10 2152 12 2161 ·
57 2124 157 2188 fuerit
174 2127 318 2209 suffossa,
336 2149 399 2211 que
415 2141 462 2189 est
478 2127 614 2188 heretica
632 2128 781 2189 seduccio
798 2130 879 2190 circa
897 2129 1093 2190 Eucharistie
1110 2145 1355 2209 sacramentum,

56 2231 103 2292 ad
134 2233 226 2294 cuius
260 2233 461 2295 seduccionis
492 2232 714 2310 ecclesianam,
745 2244 844 2310 prout
872 2242 990 2294 tactum
1030 2244 1085 2308 cst,
1125 2245 1233 2296 noster
1266 2238 1358 2298 labor

48 2336 123 2422 suit
144 2349 176 2398 et
198 2347 252 2400 est.

163 2443 237 2504 And
260 2439 428 2522 therefore,
451 2442 546 2502 when
571 2441 623 2503 the
648 2443 820 2522 ‘Magister’
846 2441 882 2504 of
901 2443 1023 2524 Prague
1040 2440 1071 2527 (a
1089 2442 1272 2529 Calixtine),
1298 2462 1356 2527 put

56 2547 113 2610 the
136 2547 282 2629 question
307 2560 342 2607 to
365 2544 418 2609 the
442 2546 627 2608 Taborites:

161 2657 212 2713 An
237 2649 397 2713 credimus
420 2652 508 2733 quod
533 2653 599 2732 ipse
624 2650 770 2712 Christus
795 2652 894 2713 estin
920 2652 1126 2715 Sacramento
1149 2655 1265 2717 Altaris
1290 2677 1354 2718 non

56 2758 162 2820 solum
195 2756 402 2838 spiritualiter
439 2777 495 2838 per
533 2758 695 2838 quandam
728 2757 866 2838 graciam
904 2760 1005 2819 solam
1043 2761 1082 2820 ab
1120 2760 1190 2842 ipso
1222 2782 1355 2844 corpore

57 2864 192 2926 naturali
212 2861 330 2925 Christi
347 2862 603 2939 condistiuctam,
628 2882 685 2922 nec
709 2864 812 2923 solum
839 2865 1106 2928 sacramentaliter
1124 2879 1153 2927 et
1172 2864 1354 2946 figuraliter,

55 2967 111 3030 sed
137 2968 219 3030 ultra
243 2966 304 3029 hoc
329 2980 628 3048 quantumcumque
653 2981 700 3027 cst
724 2966 871 3030 Christus
895 2969 982 3030 lesus
1007 2990 1063 3050 per
1085 2971 1354 3031 resurrectionem

55 3092 151 3136 suam
176 3072 346 3154 gloriosus,
369 3071 541 3152 spititualis
567 3087 597 3132 et
622 3071 757 3151 divinus,
781 3074 913 3135 veritate
945 3087 1052 3135 tamen
1086 3075 1132 3137 sui
1159 3076 1298 3154 corporis
1323 3091 1352 3135 et

58 3191 171 3240 natura
197 3189 405 3260 permanente
428 3190 475 3237 est
499 3177 530 3237 in
555 3178 668 3237 eodem
694 3193 906 3242 sacramento:

158 3282 251 3365 They
273 3281 453 3344 answered:

157 3386 254 3449 Istam
277 3387 539 3469 proposictonem
564 3406 622 3447 nos
652 3387 832 3449 sacerdotes
869 3389 1019 3450 antedicti
1051 3391 1267 3469 concedimus,
1298 3393 1352 3452 scd

53 3511 121 3553 non
145 3493 184 3553 ad
209 3491 323 3554 falsum
357 3513 487 3554 sensum
512 3492 725 3554 hereticorum
751 3493 934 3554 nolentium
969 3496 1142 3555 concedere
1176 3499 1352 3558 naturalem

52 3597 294 3660 distiaccioaem
327 3599 409 3660 inter
442 3608 682 3660 sacramentam
717 3601 833 3660 altaris
870 3599 992 3660 visibile
1025 3610 1056 3660 et
1082 3620 1201 3681 corpus
1236 3603 1353 3664 Christi

53 3702 208 3764 naturali.

154 3807 224 3869 “Ex
240 3807 358 3888 quibus
375 3807 514 3887 verbis,”
532 3809 606 3890 they
616 3824 702 3871 went
719 3829 761 3869 on
778 3825 811 3872 to
828 3829 894 3891 say,
917 3814 1028 3891 <‘patet
1044 3811 1246 3872 locucionem
1264 3812 1351 3872 illam

52 3935 118 3998 qua
154 3928 391 3977 sacramentum
423 3913 567 3975 sensibile
600 3915 732 3997 suscipit
765 3916 1018 3996 predicacionem
1053 3918 1193 4000 corporis
1231 3916 1347 3978 Christi

50 4039 120 4081 esse
145 4019 302 4103 tropicam
336 4034 390 4081 aut
417 4017 652 4101 figurativam.¹
686 4023 724 4081 Et
750 4035 869 4083 certum
895 4037 941 4083 est
965 4038 1096 4104 propter
1122 4020 1276 4083 terminos
1299 4022 1347 4082 isti

52 4123 142 4187 dicto
167 4125 287 4185 nesciet
311 4123 457 4184 meliores
482 4139 589 4205 aptare
614 4126 767 4185 terminos
784 4127 822 4185 ad
842 4126 1084 4206 exprimendum
1104 4141 1251 4187 naturam
1269 4126 1348 4205 signi

157 4437 164 4469 ¹
184 4436 201 4485 ¹·
221 4452 244 4484 c·
263 4450 322 4502 777·
