3104 5168
496 1338 822 1424 PROLOGUS.

208 1560 376 1622 Sentencia
401 1573 558 1623 tractatus
575 1560 614 1620 de
631 1560 812 1621 Eularistia
837 1560 868 1620 in
893 1561 1088 1642 compendio
1105 1562 1149 1624 sic
1165 1579 1338 1623 Conteritur

165 1666 316 1728 habetur:
335 1665 524 1747 Capitulum
543 1664 684 1746 primum
701 1663 889 1746 premittens
906 1664 1148 1728 distinctionem
1199 1633 1302 1738 nillil
1315 1683 1331 1724 r.

167 1770 388 1831 trimembrem
416 1769 456 1830 de
483 1769 577 1830 rebus
610 1768 711 1830 huius·
738 1769 927 1830 sacramenti
961 1770 1057 1833 solvit
1091 1772 1150 1832 tria

142 1887 352 1956 5argumenta
376 1873 540 1956 paganica.
573 1873 723 1934 Secundo
748 1873 856 1934 recitat
880 1873 938 1935 tria
962 1890 1151 1956 argumenta

165 1976 306 2039 fidelium
333 1991 363 2039 et
386 1977 539 2039 dissolvit.
565 1978 605 2039 Et
629 1978 780 2058 ponendo
804 1977 1048 2040 distinctionem
1069 1980 1150 2040 inter

167 2103 257 2143 esum
268 2082 467 2163 corporalem
485 2095 516 2143 et
532 2080 730 2163 spiritualem
747 2081 844 2143 obicit
855 2082 942 2164 quod
954 2066 1053 2144 homo
1065 2083 1151 2145 videt

115 2168 122 2183 ⁸
165 2205 280 2268 corpus
298 2185 413 2248 Christi
431 2187 462 2247 in
479 2199 678 2247 sacramento
696 2185 791 2246 oculo
809 2187 975 2267 corporali,
996 2201 1027 2246 et
1044 2187 1149 2251 solvit.

165 2289 311 2352 Secundo
335 2289 473 2351 obicitur
497 2309 553 2371 per
577 2290 637 2350 hoc
660 2290 749 2371 quod
773 2289 866 2351 multi
884 2289 985 2351 sancti
1002 2292 1149 2351 doctores

126 2393 362 2460 10crediderant
380 2395 467 2474 quod
485 2395 662 2454 sensierunt
678 2413 796 2475 corpus
814 2394 944 2455 Domini
963 2395 993 2454 in
1013 2394 1149 2457 Eukari-

166 2497 239 2576 stia;
263 2511 293 2558 et
309 2497 465 2559 solvendo
486 2512 590 2558 narrat
613 2497 782 2579 quomodo
808 2495 973 2578 finguntur
997 2498 1149 2560 miracula

166 2615 195 2663 et
209 2601 378 2682 quomodo
396 2601 534 2683 populus
551 2622 588 2662 ex
605 2601 791 2682 ignorantia
816 2603 1049 2684 consequencie
1069 2601 1149 2664 lacte

164 2706 202 2766 de
225 2704 385 2767 miraculis
409 2720 456 2767 est
479 2706 637 2767 seductus.
674 2705 789 2767 Tercio
814 2705 984 2767 obiciendo
1009 2727 1064 2787 per
1089 2707 1150 2767 hoc

164 2809 353 2870 miraculum
386 2822 547 2871 narratum
579 2831 595 2870 a
629 2810 722 2871 beato
757 2809 916 2888 Gregorio
950 2809 1025 2872 dicit
1058 2811 1146 2893 quod

125 2934 221 2996 15per
244 2914 305 2975 hoc
331 2935 395 2975 non
423 2915 555 2975 docetur
577 2918 665 3002 quod
695 2913 799 2974 hostia
822 2914 863 2974 sit
886 2933 1002 2996 corpus
1027 2913 1148 2976 Christi

166 3038 220 3079 nec
248 3019 336 3100 quod
365 3018 416 3081 ille
439 3019 478 3079 de
503 3039 568 3101 quo
597 3016 726 3099 fingitur
757 3019 947 3079 miraculum
983 3033 1152 3101 propterea

165 3120 225 3183 fuit
252 3135 389 3184 sanctus.
424 3123 465 3185 Et
493 3125 610 3204 probat
637 3122 801 3204 tripliciter
832 3123 921 3205 quod
950 3122 1050 3184 homo
1079 3143 1145 3184 non

164 3226 249 3288 videt
273 3247 388 3310 corpus
412 3227 530 3290 Christi
555 3230 586 3288 in
614 3227 792 3303 Eukaristia
817 3228 912 3289 oculo
937 3227 1092 3310 corporali
1118 3243 1149 3289 et

164 3330 312 3393 discurrit
329 3351 386 3414 per
402 3331 480 3392 alios
497 3352 608 3393 sensus
632 3333 821 3394 deducendo
845 3333 884 3392 ad
910 3333 1151 3412 inconveniens,

122 3454 314 3508 20concess0
347 3436 433 3518 quod
466 3455 582 3517 corpus
607 3436 740 3497 Domini
777 3436 1049 3503 sacramentaliter
1082 3456 1152 3496 sen·

164 3540 274 3601 ciatur.
310 3539 450 3602 Ulterius
479 3541 590 3621 probat
620 3541 872 3623 quadrupliciter
900 3560 937 3602 ex
961 3540 1150 3602 testimonio

163 3658 346 3706 sanctorum
363 3657 394 3706 et
409 3644 518 3724 legum
536 3643 669 3706 ecclesie
693 3645 860 3727 quomodo
885 3665 1003 3727 corpus
1018 3645 1151 3707 Domini

164 3763 269 3810 manet
283 3747 482 3809 invisibiliter
497 3747 530 3809 in
548 3749 654 3811 hostia
672 3765 864 3814 consecrata.
883 3749 1036 3811 Finaliter
1053 3749 1152 3812 obicit

163 3867 272 3915 contra
296 3852 356 3913 hoc
381 3851 545 3932 tripliciter
574 3874 630 3934 per
653 3855 738 3935 leges
763 3855 891 3917 ecclesie
915 3856 1004 3936 quod
1030 3874 1151 3936 corpus

213 4124 229 4154 r.
245 4111 370 4166 Prologus.
391 4109 479 4154 Codd.:
500 4110 572 4153 deest.
587 4110 684 4154 Addidi.
738 4111 758 4155 3.
773 4111 863 4156 Codd.:
882 4110 1024 4167 capitelam
1042 4112 1074 4155 ll:
1094 4112 1153 4155 diri-

161 4181 256 4223 sionem.
299 4181 365 4234 7.C:
381 4181 627 4237 ascaricorporalem.
668 4181 689 4225 8.
700 4182 774 4225 Alte:
792 4182 881 4224 Christi
892 4183 965 4228 deest.
1009 4182 1154 4228 inlinen-

161 4250 244 4301 tirent,·
257 4250 331 4294 ABG:
346 4252 489 4304 roveclariam
507 4252 538 4295 ib.
554 4250 629 4296 ABC:
646 4251 741 4294 Domini
753 4253 814 4295 alim
830 4251 923 4295 Christi.
990 4266 1016 4298 ιι.
1032 4254 1064 4298 C:
1080 4254 1154 4296 mira-

161 4318 230 4370 lilim
244 4319 267 4361 in
283 4332 356 4374 marg.
371 4319 414 4363 alia
430 4332 513 4365 manu:
527 4322 651 4365 miracula.
719 4333 749 4365 12.
765 4322 853 4367 Codd.:
874 4325 1079 4379 eommrrnesacte.
1096 4322 1155 4365 Cor·

162 4388 216 4431 rexi.
272 4388 298 4432 15.
311 4388 342 4431 C:
354 4401 399 4444 per
413 4389 435 4433 in
452 4403 525 4444 marg.
541 4390 586 4434 alia
601 4404 680 4435 manu.
736 4405 765 4448 ¹7·
782 4392 916 4447 {laticerin
933 4392 965 4434 ib.
981 4393 1015 4436 D:
1028 4391 1153 4448 probatur.

161 4469 190 4500 ar.
205 4457 237 4500 D:
254 4458 375 4513 probatur.
430 4471 466 4513 24.
482 4458 515 4502 C:
530 4460 656 4514 tripliciter
669 4462 740 4504 deest.

1036 4551 1043 4584 l
