3104 5168
161 484 228 529 exn
245 469 297 557 vx]
500 490 544 539 nn
565 489 809 540 arturianum.

163 646 303 727 fugiendi
327 661 358 708 et
375 645 509 707 finaliter
532 647 712 710 occidendi:
737 668 811 729 ergo
836 662 901 709 tota
926 647 984 708 ista
1008 661 1092 710 secta
1116 649 1147 709 in

163 751 247 811 scola
272 751 441 812 eukaristie
465 765 512 812 est
537 752 640 812 taliter
664 754 855 834 castiganda,
885 754 973 834 quod
998 753 1023 812 si
1047 750 1146 828 fieret,

163 855 243 915 loret
268 855 363 916 nimis
389 876 502 936 magna
528 857 727 937 perturbacio
752 859 782 917 in
808 857 947 920 ecclesia.

206 959 400 1021 Hicvidetur
415 961 610 1022 sentenciam
628 960 720 1022 istam
739 962 935 1023 moderatam
952 982 1019 1023 esse
1032 963 1146 1023 latho-
1172 979 1191 1021 n
1206 979 1226 1021 is
1241 987 1290 1021 rna
1305 979 1354 1022 aaa

139 1063 256 1124 §licam
274 1076 303 1124 et
320 1065 509 1143 notandam;
527 1085 600 1125 nam
619 1063 695 1125 fides
707 1065 822 1126 Christi
843 1067 934 1128 docet
950 1066 1148 1127 katholicam
1164 1032 1366 1145 iiiioiislllrlie

163 1169 234 1248 plus
257 1169 417 1230 attendere
442 1169 480 1229 ad
507 1168 656 1230 nutritiva
678 1189 713 1229 ac
735 1167 927 1231 edificatoria
949 1171 988 1230 ad
1011 1171 1147 1232 salutem
1186 1145 1257 1178 worn
1274 1137 1337 1180 nna.

164 1273 375 1355 animequam
394 1276 546 1354 corporis.
564 1274 664 1335 Aliter
680 1273 763 1333 enim
783 1271 864 1335 foret
876 1273 1147 1352 infidelideterior‚

164 1378 216 1438 sed
242 1399 364 1460 coquus
382 1399 496 1459 parans
514 1398 673 1438 venenum
690 1376 823 1438 domino
841 1377 889 1438 vel
907 1379 996 1439 aliter
1011 1382 1148 1458 prodens

165 1483 268 1562 ipsum
287 1498 341 1545 aut
359 1503 493 1564 regnum
510 1483 602 1544 debet
615 1496 689 1564 post
706 1482 857 1544 noticiam
874 1483 998 1542 tractari
1020 1497 1053 1543 ut
1070 1502 1146 1563 pro·

126 1611 153 1642 m
165 1588 264 1648 ditor:
296 1607 370 1668 ergo
400 1588 501 1648 multo
531 1587 631 1667 magis
660 1588 838 1669 proditores
867 1585 973 1647 anime
1007 1587 1147 1648 severius

165 1706 239 1752 sunt
269 1693 435 1753 tractandi.
472 1692 584 1753 Prelati
616 1693 700 1753 enim
730 1705 760 1752 et
789 1690 891 1753 clerici
922 1704 997 1752 sunt
1030 1692 1147 1751 nedum

166 1795 259 1876 coqui
292 1798 357 1875 regi
387 1811 417 1858 et
445 1817 542 1878 regno
576 1799 630 1857 sed
660 1798 851 1858 mediatores
881 1797 962 1857 inter
986 1795 1091 1856 Deum
1119 1810 1149 1856 et

165 1900 262 1980 ipsos,
288 1901 471 1964 oblaciones
496 1903 607 1982 populi
638 1901 771 1963 fideliter
800 1900 984 1979 offerentes3
1018 1900 1048 1961 in
1082 1919 1147 1981 quo

166 2006 189 2065 si
208 2005 374 2090 defuerint,
391 2006 444 2068 ubi
462 2006 565 2066 maior
581 2001 743 2087 prodicio?
762 2006 882 2066 Dicitur
897 2019 1005 2066 autem
1022 2017 1148 2065 nostros

126 2116 153 2165 ιδ
167 2113 287 2171 mundo
300 2111 414 2172 divites
426 2132 457 2172 se
467 2110 554 2191 ipsos
568 2124 598 2171 et
615 2111 739 2191 plebem
753 2110 897 2191 prodere,
910 2129 982 2170 cum
1000 2107 1149 2169 ordinant

166 2215 242 2275 tales
275 2229 400 2276 curatos
435 2215 515 2275 inter
540 2216 642 2275 Deum
677 2227 707 2275 et
735 2214 893 2294 populum
922 2214 1060 2274 mediare
1093 2211 1147 2294 qui

166 2319 300 2379 maxime
331 2320 520 2400 elongantur
543 2339 560 2379 a
584 2317 699 2380 Christi
725 2316 979 2390 conversacione,
1010 2317 1148 2378 maxime

166 2438 313 2485 cecantur
330 2426 360 2484 in
378 2424 555 2504 evangelica
575 2424 701 2483 veritate
719 2436 749 2483 et
766 2423 902 2482 maxime
920 2420 1149 2483 dissimilentur

165 2529 318 2608 apostolis
343 2529 372 2588 in
398 2528 652 2589 conversacione.
687 2527 875 2607 Quomodo,
905 2525 1047 2608 inquam,
1081 2545 1147 2585 non

124 2633 239 2694 20tales
257 2647 287 2695 et
303 2654 413 2694 omnes
432 2633 474 2694 eis
491 2633 692 2693 consentanei
711 2646 860 2712 pararent
879 2630 1013 2692 subditis
1037 2630 1145 2691 cibum

165 2740 317 2816 toxicum,
336 2753 541 2820 procurarent
558 2737 734 2819 proditorie
751 2736 921 2797 vindictam
940 2736 1024 2817 apud
1044 2736 1146 2797 Deum

166 2859 194 2904 et
217 2845 377 2905 tardarent
405 2846 546 2905 volentes
575 2843 681 2904 stricto
710 2842 820 2903 itinere
850 2842 937 2924 sequi
963 2837 1147 2904 Christum?

165 2950 247 3009 Nam
271 2948 432 3029 predicare
457 2948 612 3026 nesciunt,
646 2968 830 3008 consecrare
860 2948 975 3009 nolunt
1003 2960 1034 3009 et
1056 2967 1147 3009 orare

167 3052 339 3114 fastidiunt.
367 3054 462 3128 Quod
485 3053 509 3113 si
526 3055 602 3115 tales
620 3053 797 3135 quidquam
813 3053 947 3115 istorum
964 3051 1082 3113 faciunt
1107 3053 1146 3112 ad

123 3158 152 3207 25
164 3158 391 3220 detrimentum
407 3159 453 3218 sui
472 3174 500 3220 et
519 3158 640 3239 populi,
658 3178 724 3218 sese
741 3138 867 3236 fallunt;
891 3156 979 3239 quid,
1005 3157 1146 3240 inquam,

165 3264 244 3323 valet
263 3263 439 3343 predicacio
456 3262 568 3344 prelati
584 3263 639 3344 qui
664 3263 693 3322 in
713 3263 795 3323 facto
813 3261 870 3322 Dei
887 3261 989 3322 oderit
1007 3261 1145 3342 discipli-

165 3364 256 3429 nam?
279 3368 365 3442 Quid
385 3369 466 3429 valet
486 3367 553 3429 eius
570 3367 755 3445 celebracio,
782 3365 837 3447 qui
856 3367 885 3426 in
904 3364 1145 3426 conversacione

164 3487 208 3532 est
242 3486 327 3533 tante
360 3473 490 3534 Christo
524 3471 710 3549 contrarius,
744 3485 780 3532 ut
811 3485 888 3552 puta
921 3469 951 3530 in
986 3469 1147 3550 superflua

165 3575 283 3637 familia
308 3576 436 3637 ecclesie
461 3596 637 3657 pauperum
664 3577 801 3636 maxime
825 3594 989 3650 onerosus,
1014 3574 1045 3634 in
1070 3574 1145 3635 deli·

122 3682 153 3731 1³0
165 3696 231 3740 cata
256 3701 366 3742 mensa
399 3702 463 3741 non
496 3700 672 3761 pauperum
706 3681 760 3740 sed
789 3679 979 3740 discolorum
1010 3678 1146 3739 maxime

164 3800 374 3866 sumptuosus
409 3799 439 3846 et
473 3786 504 3845 in
538 3786 754 3866 occupacione
779 3784 943 3845 mundana
967 3797 1148 3845 constanter

163 3886 343 3951 sollicitus?
366 3890 463 3968 Talis,
489 3892 632 3971 inquam,
658 3904 852 3950 memoratur
876 3886 1044 3949 Christum
1067 3887 1147 3949 sieut

214 4093 233 4137 3.
250 4095 282 4137 b:
303 4094 371 4137 ninus
384 4094 456 4137 deest.
518 4093 539 4137 8.
555 4095 587 4136 b:
607 4106 694 4150 coquus
704 4093 782 4149 pattr's.
845 4104 870 4135 ιι.
886 4091 917 4135 C:
936 4092 1019 4135 nedum
1034 4092 1056 4135 in
1072 4103 1146 4146 marg.

162 4164 205 4206 alia
215 4177 293 4206 aranu.
336 4175 364 4206 12.
374 4163 543 4218 coquinaria:
554 4164 614 4206 loci.
657 4176 688 4214 ta.
696 4160 778 4206 ABCl)
786 4177 791 4204 :
800 4161 921 4216 perediam
930 4161 1043 4205 innuo:
1055 4161 1148 4204 Dicr'lur

161 4239 201 4275 aa!
278 4233 305 4276 15.
320 4235 373 4276 AB:
391 4233 511 4288 proderet.
575 4245 604 4287 17.
622 4232 653 4274 lt:
673 4232 828 4287 elongaveram,-
847 4231 877 4273 ih.
894 4231 926 4274 b:
945 4230 1145 4274 coianieraee·one.

163 4318 193 4347 ra.
211 4304 283 4348 attic:
299 4317 344 4346 nou
360 4304 431 4346 deest.
473 4315 503 4345 ar.
519 4302 548 4347 C:
564 4309 586 4346 et
597 4306 762 4359 procurarent.
804 4300 834 4344 25.
850 4299 943 4344 nttcE:
954 4300 1040 4355 populi
1052 4305 1073 4342 et
1087 4312 1144 4342 sese.

162 4375 195 4416 25¹.
216 4375 247 4416 lt:
268 4378 304 4414 est
321 4379 401 4417 enare:
418 4373 449 4415 ih.
465 4373 494 4415 E:
514 4373 537 4415 r'n
556 4373 662 4426 strperlat.
757 4369 785 4413 31.
806 4370 857 4412 att:
877 4371 977 4412 ltturntau
997 4372 1146 4419 constantem·

162 4446 192 4487 C:
208 4445 308 4487 conexit
324 4445 346 4486 in
363 4456 435 4497 rnatu.
452 4444 495 4485 alia
512 4455 589 4486 manu.
