3104 5168
157 1618 161 1623 ·
263 1585 446 1681 Sequitur
469 1584 621 1679 questio
645 1582 695 1656 ad
718 1556 858 1655 iratres
882 1582 930 1655 de
953 1585 1200 1657 sacramento

660 1740 802 1815 altaris.

280 1957 368 2033 Quid
400 1957 432 2017 in
460 1970 573 2018 natura
601 1975 658 2018 sua
687 1968 734 2018 est
762 1954 822 2018 hoc
851 1954 961 2017 album
990 1967 1020 2017 et
1047 1955 1221 2017 rotundum
1254 1979 1414 2024 whartsthe

235 2062 324 2146 quod
347 2074 549 2124 consecratur
571 2081 590 2121 a
614 2060 776 2123 sacerdote
799 2073 830 2123 et
854 2061 943 2144 quod
965 2058 1111 2122 videmus
1127 2061 1222 2122 oculo
1254 2032 1418 2139 {ltil'grh‘illds

211 2166 392 2251 5corporali
415 2165 446 2228 in
472 2164 618 2228 manibus
645 2165 816 2227 sacerdotis
839 2177 911 2247 post
934 2163 1222 2244 consecracionem,
1232 2136 1438 2232 wilfriciiffdoeff'd

234 2272 323 2355 quod
339 2271 504 2352 frangitur,
520 2269 608 2353 quod
633 2270 746 2332 teritur
769 2268 928 2348 dentibus,
951 2282 982 2331 et
1001 2268 1158 2351 numquid
1174 2282 1221 2332 est
1245 2240 1424 2337 conssscieaiton?

235 2395 350 2458 corpus
366 2375 496 2455 Christi,
520 2388 550 2437 et
574 2373 732 2457 numquid
756 2387 803 2437 est
827 2386 1062 2436 sacramentum
1081 2373 1222 2457 corporis
1253 2380 1276 2423 1⁸
1290 2378 1422 2424 nonnas

235 2479 361 2544 Christi.
377 2480 453 2543 Post
468 2478 724 2563 publicacionem
734 2477 807 2541 fidei
818 2478 973 2560 scripture
988 2499 1024 2540 ex
1034 2478 1221 2542 testimonio
1252 2431 1424 2529 gqqpnpgnprig,

235 2584 374 2647 veritatis
407 2599 439 2649 et
470 2585 517 2648 sui
542 2582 691 2667 Apostoli
724 2583 839 2646 dicitur
870 2585 957 2666 quod
990 2597 1221 2647 sacramentum
1272 2536 1315 2582 ³¹⁸
1330 2537 1400 2592 body.

196 2688 403 2754 roeucaristie
431 2702 477 2752 est
504 2708 598 2752 verus
623 2686 714 2771 panis
737 2688 768 2750 in
793 2701 906 2751 natura
928 2708 985 2751 sua
1008 2701 1039 2751 et
1063 2708 1136 2751 cum
1161 2686 1224 2751 hoc

235 2794 319 2856 idem
335 2793 425 2876 panis
442 2808 489 2858 est
505 2794 621 2857 virtute
636 2795 808 2855 verborum
818 2792 1095 2856 sacramentalium
1107 2813 1224 2877 corpus

235 2898 365 2979 Christi,
397 2898 480 2961 sicut
513 2912 559 2961 est
592 2897 688 2960 simul
713 2898 799 2960 Deus
828 2914 860 2960 et
888 2898 998 2963 homo.
1031 2898 1071 2961 Et
1098 2898 1224 2962 solucio

234 3003 432 3082 arguciarum
464 3001 495 3064 in
530 3001 588 3064 hac
615 3015 705 3084 parte
732 3014 779 3064 est
807 3001 883 3064 satis
911 3001 1021 3065 facilis.
1055 3003 1121 3065 Nec
1149 3016 1224 3066 sunt

234 3104 378 3167 obiectus
394 3105 565 3169 trutannici
581 3104 721 3188 oppositi
739 3105 826 3187 digni
844 3106 1009 3170 memoria.
1033 3105 1096 3168 Alii
1113 3119 1221 3169 autem

194 3207 375 3278 15infideles
413 3209 498 3272 taciti
535 3209 645 3271 dicunt
684 3210 773 3291 quod
810 3209 861 3271 illa
899 3209 1002 3272 hostia
1040 3225 1222 3274 consecrata

233 3325 280 3375 est
316 3312 443 3395 signum
482 3312 641 3376 sensibile.
680 3314 743 3376 Sed
779 3326 885 3376 tacent
916 3310 1083 3376 infideliter
1113 3326 1221 3377 utrum

233 3416 272 3479 sit
305 3436 422 3498 corpus
451 3415 570 3480 Christi
598 3417 648 3479 vel
676 3418 709 3478 in
734 3429 845 3479 natura
872 3436 929 3479 sua
953 3417 1057 3499 panis,
1086 3430 1122 3480 ut
1146 3417 1222 3481 dicit

233 3522 408 3602 Apostolus
425 3534 456 3582 et
472 3522 569 3583 sancti
593 3521 796 3584 concorditer
812 3539 981 3605 quousque
1005 3520 1152 3585 diabolus
1175 3536 1221 3584 est

233 3625 366 3687 solutus.

190 3762 223 3797 πο
277 3730 412 3807 Questio
448 3729 606 3791 eiusdem:
649 3730 732 3811 Sepe
766 3729 902 3812 quesivit
936 3729 1020 3792 idem
1058 3731 1220 3795 lohannes
1244 3736 1304 3781 Thi⁸
1334 3736 1425 3781 ⁰⁸⁸ti0¹²

233 3848 263 3898 et
297 3835 400 3897 adhuc
432 3832 576 3916 queritur
608 3854 626 3894 a
660 3833 809 3897 fratribus
841 3847 951 3897 utrum
979 3835 1036 3896 ists
1065 3835 1220 3898 sensibilis
1232 3789 1344 3886 ,lappago
1355 3788 1434 3891 syfi'e‘l.

233 3940 336 4003 hostia
363 3952 545 4002 consecrata
572 3938 614 4002 sit
641 3939 673 4002 in
704 3953 816 4002 natura
844 3960 902 4003 sua
931 3939 1021 4022 panis
1044 3940 1094 4003 vel
1118 3961 1220 4004 unum
1248 3893 1423 3990 zquthseoprpanrqs

232 4044 322 4127 peius
345 4063 442 4127 quam
466 4044 558 4127 panis
582 4044 718 4127 equinus
742 4046 790 4108 vel
816 4064 984 4124 venenum,
1007 4045 1089 4108 sicut
1112 4048 1221 4108 fratres

232 4149 363 4232 quidum
386 4149 536 4211 dixerunt
554 4148 692 4228 Oxonie,
716 4162 748 4212 et
771 4162 879 4211 utrum
904 4148 945 4212 sit
967 4168 1084 4231 corpus
1100 4148 1217 4213 Christi

190 4270 221 4322 25
232 4253 281 4315 vel
301 4273 421 4316 unums
438 4253 480 4316 ibi
497 4253 643 4316 accidens
661 4253 854 4336 ignoratum,
871 4253 946 4335 quis
962 4252 1048 4315 idem
1063 4253 1223 4316 lohannes

232 4372 279 4422 est
307 4373 411 4424 certus
440 4379 476 4423 ex
503 4357 564 4421 lide
592 4360 681 4445 quod
704 4358 757 4421 ille
780 4358 872 4443 panis
894 4372 941 4423 est
962 4358 1084 4429 realiter
1106 4379 1223 4450 corpus
