3104 5168
222 513 292 559 car.
307 498 338 587 a]
562 515 608 565 na
626 510 871 565 nuenaats'rm.

225 676 347 737 realiter
364 677 448 736 Deus
467 690 558 753 suus;
584 688 614 735 et
637 694 692 755 per
715 673 772 735 hec
797 687 842 735 est
867 673 1009 735 medium
1033 674 1072 734 ad
1096 673 1209 734 intelli·

1387 515 1425 574 27

1257 687 1347 729 Jeromc
1362 699 1392 729 on

1244 740 1345 792 blessiug
1360 740 1404 782 and

225 783 366 864 gendum
388 781 512 841 decreta
543 778 668 854 similia,
704 792 739 840 ut
763 778 969 841 distinccione
993 778 1105 862 XCVfl,
1129 778 1212 840 Ecce
1239 792 1408 835 consec-ration.

226 907 284 969 ego
307 885 376 948 dico
400 885 460 946 snb
484 882 672 954 auctoritate
695 882 848 945 Jeronimi
878 884 920 943 sic
951 884 1098 946 habetur:
1126 883 1213 958 Quid

227 992 330 1053 maius
350 1000 396 1052 est
416 988 544 1051 Christo
560 998 618 1049 aut
632 988 709 1070 quid
719 988 839 1069 poterit
854 990 983 1068 corpori
1006 998 1035 1049 et
1058 988 1213 1071 sanguini

203 1098 294 1158 icius
316 1094 490 1176 anteponi?
514 1093 550 1154 Si
566 1092 727 1174 presbiter
749 1091 911 1154 Christum
936 1103 1114 1167 consecrat,
1138 1112 1210 1154 cum

226 1204 259 1263 in
291 1200 390 1260 altori
420 1206 628 1259 sacramento
662 1196 837 1272 benedicat,
875 1197 1062 1259 benedicere
1088 1198 1211 1278 populo

228 1325 289 1366 non
303 1304 392 1366 debet
404 1304 458 1386 qui
471 1302 631 1363 Christum
644 1320 837 1363 consecrare
850 1321 912 1362 non
927 1302 1064 1364 metuit?
1081 1302 1212 1364 Videtur

227 1423 333 1471 autem
367 1421 512 1469 sanctum
545 1405 721 1489 intelligere
759 1404 924 1488 figurative
958 1426 1013 1487 per
1046 1405 1210 1468 Christum

228 1515 364 1577 hostiam
382 1523 611 1590 consecratam,
635 1511 678 1571 ita
702 1511 790 1593 qnod
815 1511 924 1572 eadem
949 1510 989 1573 sit
1012 1510 1211 1573 consecracio

189 1640 289 1702 roqun
313 1631 478 1680 consecrat
502 1615 639 1678 hostiam
664 1630 694 1679 et
718 1636 781 1697 qna
804 1635 990 1678 consecrare
1014 1615 1129 1678 dicitnr
1144 1637 1211 1678 cor·

227 1744 286 1808 pus
311 1721 446 1800 Christi3
476 1721 616 1782 hostiam
639 1735 746 1782 tamen
769 1719 843 1782 facit
866 1741 933 1781 esse
956 1739 1077 1782 sacram
1101 1721 1212 1783 saltem

227 1826 477 1904 occasionaliter,
507 1826 584 1887 dum
612 1825 670 1887 rite
698 1824 772 1886 iacit
796 1824 1008 1887 ministerium
1031 1826 1211 1903 sacerdotis,

227 1947 256 1996 et
280 1934 366 1994 Deus
394 1929 596 2013 appropriate
628 1928 752 2012 perficit
783 1930 872 2011 quod
906 1949 1001 1991 sunm
1029 1942 1076 1991 est
1104 1950 1212 2012 super-

228 2036 409 2099 naturaliter
431 2036 610 2114 alterando;
641 2035 729 2116 quod
759 2034 784 2095 si
814 2033 1018 2116 equivocetnr
1045 2034 1077 2095 in
1101 2055 1211 2096 conse-

188 2141 383 2216 15cracione,
413 2141 558 2201 vocando
587 2159 657 2201 eam
688 2138 908 2201 ostensionem
936 2140 979 2201 rei
1007 2160 1104 2222 sacre,
1136 2155 1212 2203 tunc

227 2248 307 2310 sicut
328 2249 437 2330 laycus
457 2226 561 2327 potest
577 2244 759 2306 benedicere
776 2244 935 2326 Trinitati,
958 2245 1001 2307 sic
1019 2244 1118 2307 eciam
1135 2266 1211 2308 con-

228 2372 356 2431 secrare,
391 2351 473 2412 sicut
506 2351 615 2432 laycus
649 2349 722 2412 facit
755 2350 842 2432 quod
876 2369 991 2430 corpus
1024 2349 1141 2413 Christi
1173 2351 1212 2412 sit

228 2477 352 2521 sacrum
369 2455 401 2516 in
419 2455 480 2518 isto
504 2453 577 2516 loco
593 2456 643 2516 vel
667 2455 727 2515 sub
750 2453 814 2516 isto
839 2467 1036 2516 sacramento
1060 2469 1211 2516 ettamen

228 2583 292 2623 non
316 2573 484 2643 propterea
509 2572 670 2621 consecrat
693 2579 810 2640 corpus
834 2557 961 2642 Christi.

186 2690 218 2725 20
272 2667 328 2728 Est
358 2684 432 2746 ergo
461 2684 532 2725 vera
561 2663 700 2725 intencio
729 2662 828 2726 sancti
858 2663 995 2726 doctoris
1025 2665 1112 2747 quod
1142 2685 1211 2745 pre·

229 2772 340 2850 dicare,
373 2768 528 2831 conficere
557 2781 587 2830 et
616 2788 706 2830 orare
734 2782 809 2831 sunt
837 2769 967 2851 pociora
995 2789 1093 2851 quam
1121 2769 1214 2831 bene·

229 2876 329 2937 dicere
345 2875 478 2957 populo,
503 2874 632 2935 ecclesie
656 2875 704 2935 vel
728 2872 780 2935 aiii
805 2887 1012 2953 ornamento;
1037 2873 1109 2935 ideo
1133 2874 1213 2936 sicut

230 2995 276 3043 est
292 2979 507 3062 periculosum
524 2992 589 3041 tam
606 2979 760 3061 episcopo
777 2997 875 3060 quam
891 2980 983 3062 layco
1008 2979 1213 3061 inprudenter

231 3086 424 3167 suspendere
449 3083 605 3146 maiorem
634 3083 895 3145 benediccionem
918 3084 950 3145 in
974 3084 1146 3170 presbitero
1171 3085 1213 3147 sic

186 3200 258 3253 25et
287 3190 456 3270 minorem,
485 3210 541 3271 per
565 3209 660 3271 quam
685 3189 752 3250 sine
781 3188 916 3251 simonia
946 3190 1086 3271 populus
1114 3189 1214 3271 possit

228 3295 342 3357 melius
365 3293 529 3374 suffragari
547 3307 577 3356 et
593 3293 746 3375 presbiter
770 3313 826 3376 per
848 3293 1045 3355 laxationem
1068 3293 1213 3376 potencie

229 3399 415 3482 promereri;
438 3399 512 3461 ideo
528 3401 668 3481 prelatus
684 3398 808 3460 timeret
824 3399 883 3461 sibi
899 3397 932 3459 in
949 3398 1213 3480 suspensionibus

229 3519 259 3567 et
282 3503 498 3565 laxacionibus
522 3504 561 3564 de
585 3502 701 3565 iniuria
724 3504 947 3587 undequaque.

274 3609 336 3671 Sed
361 3608 504 3692 arguitur
528 3609 615 3691 quod
640 3610 786 3671 sacerdos
810 3623 915 3691 potest
939 3628 1121 3671 consecrare
1145 3628 1213 3670 cor-

187 3725 288 3796 3opus
317 3712 446 3792 Christi,
482 3713 556 3796 quia
592 3727 699 3795 potest
734 3713 920 3775 benedicere
953 3713 1072 3793 deitati,
1108 3727 1214 3795 potest

281 3931 296 3962 ι.
312 3917 342 3962 C:
359 3930 405 3973 per
419 3917 478 3961 idem
489 3929 536 3973 per
548 3917 597 3961 hcc.
664 3929 683 3961 2.
700 3918 729 3961 E:
749 3923 776 3961 ut
787 3918 871 3961 dictum
885 3923 930 3970 θείς
950 3918 980 3963 ib.
994 3917 1088 3962 ABCE:
1107 3918 1216 3971 XXXIII,-

229 3989 261 4031 it:
279 3987 365 4040 XCIII,·
384 3988 437 4030 AB:
457 3987 607 4032 dictinccione
621 3992 668 4036 cah·
688 3989 718 4031 C:
738 3988 889 4032 distinccione
902 3995 943 4031 etc.
1009 3987 1027 4032 3.
1044 3988 1075 4033 C:
1093 3989 1217 4042 Jeronymi

229 4059 252 4101 in
267 4070 339 4113 marg.
355 4059 399 4101 alia
414 4070 493 4100 manti.
577 4071 597 4112 7.
613 4058 706 4102 Atreu:
725 4071 769 4114 que
784 4058 900 4102 Christum
906 4074 915 4109 ,·
932 4061 963 4102 ib.
979 4060 1061 4102 codd:
1076 4061 1213 4110 promeruit.

230 4140 255 4171 11.
270 4128 303 4172 D:
317 4141 368 4171 esse
380 4133 535 4171 sacramento.
586 4141 617 4183 ¹4·
634 4128 663 4172 C:
680 4130 735 4185 equi
747 4130 769 4173 in
786 4141 858 4183 marg.
873 4130 917 4173 alin
932 4141 1011 4172 manu.
1062 4129 1136 4186 18,19.
1148 4128 1177 4172 C:
1193 4134 1215 4172 ct

228 4203 341 4240 tamen—
359 4198 448 4242 Christi
460 4198 531 4241 deest.
605 4210 639 4242 20.
655 4198 685 4241 E:
705 4199 866 4242 sanctidecst.
939 4210 975 4253 24,
991 4199 1023 4243 25.
1038 4199 1092 4243 AC:
1111 4200 1171 4242 sr'cut
1185 4203 1213 4242 et.

228 4265 252 4310 25
271 4268 323 4311 AB:
338 4268 389 4310 sine
398 4280 485 4310 summo
491 4283 499 4319 ,·
511 4267 529 4312 C
540 4270 649 4312 correxit:
660 4269 775 4320 simom'e‚·
790 4269 840 4311 DE:
855 4270 1042 4322 sincsynonimo.
1084 4271 1117 4312 28.
1130 4268 1159 4311 C:
1180 4270 1214 4311 rh·

229 4336 291 4380 iuria
304 4338 327 4380 in
343 4350 416 4393 marg.
431 4339 475 4381 alin
491 4351 568 4381 manu.
623 4337 657 4381 30.
673 4339 703 4382 E:
725 4340 850 4382 diahn'totr‘.

283 4478 305 4513 2.
325 4464 428 4514 Decreti
449 4466 535 4514 Prima
555 4467 624 4528 Pars,
645 4467 703 4515 dist.
723 4468 800 4528 XCV,
821 4482 876 4531 cap.
891 4467 932 4515 vt.
