3104 5168
232 487 300 531 cu».
315 471 346 559 i]
570 489 616 538 nn
635 487 879 538 nucusntstta.

231 649 320 709 modi
348 648 538 709 sacramenti
568 647 600 707 in
629 647 757 707 calicem
788 646 900 708 exhinc
929 647 1057 729 sanguis
1088 647 1217 709 Domini

231 752 424 814 effundatur.
449 751 544 812 Tunc
572 750 657 813 enim
687 771 752 812 non
782 751 959 833 preciperet
987 751 1118 813 ecclesia
1147 773 1217 813 san-

230 858 362 938 guinem
386 857 476 917 illum
500 858 686 917 comburere
711 869 742 916 et
763 855 885 917 cineres
909 856 1069 918 combusti
1086 856 1216 918 Domini

231 963 262 1022 in
292 960 422 1023 ecclesia
449 959 481 1020 in
512 959 761 1022 detestacionem
791 973 858 1021 tam
887 960 1039 1022 horrendi
1069 960 1218 1023 facinoris

207 1073 398 1147 §tamquam
427 1064 576 1146 reliquias
606 1081 785 1144 remanere;
820 1065 875 1124 sed
899 1064 1043 1146 loquitur
1067 1066 1105 1127 de
1130 1066 1219 1127 nudo

231 1183 434 1231 sacramento
467 1169 557 1250 quod
590 1166 756 1248 figurative
788 1169 935 1230 nominat
965 1187 1032 1230 rem
1060 1169 1219 1249 signatam

232 1274 330 1334 modo
354 1293 421 1354 quo
446 1286 554 1355 posset
579 1291 690 1333 vocare
715 1272 890 1354 quamlibet
916 1288 1096 1334 creaturam
1113 1273 1218 1335 Deum

232 1397 340 1456 suum,
375 1397 449 1439 cum
479 1377 519 1438 sit
546 1376 677 1458 signum
704 1375 816 1438 efficax
840 1375 898 1438 Dei
925 1377 986 1441 sui.
1010 1377 1104 1438 Tales
1133 1377 1219 1439 enim

232 1483 418 1544 locuciones
456 1482 596 1563 tropicas
635 1501 700 1542 non
744 1482 899 1542 debemus
945 1502 1004 1543 nos
1051 1482 1219 1544 admittere

193 1587 434 1667 iogeneraliter,
450 1587 525 1669 quia
543 1587 588 1647 sic
615 1586 793 1648 diceremus
817 1587 907 1667 quod
930 1585 1076 1648 Christus
1104 1587 1219 1649 cotidie

233 1690 368 1753 effundit
402 1712 458 1774 per
491 1691 612 1752 multos
640 1692 737 1752 cados
764 1691 838 1772 plus
867 1692 905 1751 de
935 1690 1088 1771 sanguine
1122 1712 1219 1774 quam

233 1815 391 1877 umquam
423 1796 535 1857 habuit
571 1795 622 1856 hic
655 1796 685 1855 in
719 1793 820 1872 terris,
856 1809 887 1856 et
921 1795 1054 1856 totidem
1093 1795 1220 1858 racione

234 1900 451 1963 multitudinis
495 1901 543 1962 sui
586 1899 751 1980 sanguinis
791 1899 872 1962 soret
910 1899 1134 1981 complexione
1171 1900 1219 1963 in·

233 2019 441 2088 temperatus,
475 2025 549 2067 cum
576 2004 753 2087 acquireret
777 2004 892 2066 cotidie
916 2004 1067 2067 humores
1090 2025 1220 2087 grossos

192 2109 463 2192 15inglorificatos
488 2130 562 2171 cum
585 2109 653 2171 aliis
683 2109 985 2171 inconvenientibus
1014 2110 1220 2193 reducendis3

234 2229 264 2277 et
287 2215 333 2276 sic
357 2216 474 2296 glosari
498 2215 593 2276 debet
617 2227 729 2276 cantus
752 2214 890 2294 ecclesie,
915 2214 996 2276 dum
1018 2214 1094 2277 dicit

431 2319 525 2394 Quod
536 2318 582 2400 fit
604 2320 712 2380 vinum
736 2319 874 2401 sangnis
901 2319 1027 2395 Christi,

470 2423 541 2486 Etsi
561 2442 675 2486 sensns
698 2423 810 2507 deficit.

279 2530 321 2592 Et
344 2549 402 2611 per
424 2529 486 2590 hoc
508 2542 616 2611 potest
638 2529 753 2610 glosari
781 2529 943 2590 decretum
968 2548 1119 2611 sequens:
1149 2531 1221 2614 Ego

191 2658 223 2692 20
234 2633 466 2715 Beringarius,
492 2633 545 2695 ubi
569 2633 627 2694 iste
651 2633 805 2695 diaconus
829 2633 1111 2697 anathematizavit
1136 2636 1221 2697 here·

232 2740 293 2801 sim
318 2760 381 2821 qua
406 2738 494 2821 prius
511 2739 613 2801 fuerat
631 2739 788 2818 irretitus3
812 2737 932 2800 etfacit
950 2740 1220 2821 protestacionem

231 2865 288 2906 sue
321 2842 399 2905 fidei
430 2844 489 2905 sub
522 2842 582 2904 hiis
618 2843 735 2905 verbis:
767 2842 943 2905 Consencio
975 2853 1078 2906 autem
1111 2856 1223 2908 soracte

230 2949 378 3010 Romane
409 2947 540 3010 ecclesie
567 2957 598 3009 et
625 2947 797 3029 apostolice
819 2948 898 3026 sedi,
927 2962 955 3009 et
983 2968 1040 3011 ore
1067 2959 1098 3011 et
1124 2950 1222 3013 eorde

225 3053 385 3137 profiteor
400 3052 439 3114 de
453 3053 667 3115 sacramentis
681 3052 838 3115 dominice
854 3072 961 3115 mense
978 3053 1113 3116 eandem
1116 3055 1219 3137 fidem

189 3168 219 3218 25
233 3179 282 3220 me
305 3171 416 3219 tenere
438 3176 536 3238 quam
560 3156 711 3219 dominus
733 3167 763 3218 et
785 3156 977 3220 venerabilis
994 3179 1086 3240 papa
1104 3160 1220 3222 Nieho·

233 3265 306 3325 laus
331 3272 361 3323 et
383 3262 440 3323 hee
460 3272 573 3323 sancta
595 3261 730 3324 sinodus
753 3264 945 3325 auctoritate
972 3264 1159 3347 evangelica
1193 3276 1223 3327 et

231 3367 408 3449 apostolica
436 3365 605 3428 tenendam
628 3367 762 3428 tradidit
794 3367 949 3450 michique
967 3368 1129 3452 firmavit,
1161 3372 1221 3433 sci·

232 3474 303 3534 lieet
330 3492 451 3553 panem
476 3481 506 3532 et
528 3473 637 3533 vinum
672 3491 733 3553 que
760 3473 792 3534 in
820 3473 922 3534 altari
949 3483 1121 3554 ponuntur
1147 3486 1222 3556 post

230 3578 506 3638 consecracionem
537 3596 599 3636 non
627 3576 731 3638 solum
764 3589 1007 3640 sacramentam
1035 3579 1092 3640 sed
1118 3581 1219 3641 eciam

187 3692 220 3743 30
230 3702 340 3744 verum
358 3700 476 3762 corpus
492 3690 521 3742 et
536 3685 730 3763 sanguinem
749 3682 871 3745 domini
891 3684 994 3747 nostri
1008 3683 1085 3746 Jesu
1105 3683 1222 3747 Christi

283 3884 299 3915 r.
315 3871 346 3915 E:
366 3873 430 3916 modi
442 3873 519 3919 deest:
538 3873 569 3915 ib.
585 3872 735 3916 Ab:calice.
808 3873 875 3918 3.C:
896 3875 919 3917 in
935 3875 1038 3919 Domini.
1104 3875 1179 3920 12.C:
1199 3881 1223 3920 et

229 3941 328 3986 tandem.
383 3940 411 3985 13.
426 3942 598 3998 complexionoe
616 3943 670 3985 AB:
690 3943 774 3998 ortem
793 3943 824 3986 C:
844 3945 950 3987 corrosit.
966 3945 989 3988 in
1005 3957 1078 3999 marg.
1093 3947 1137 3988 ulia
1151 3959 1221 3988 mann

229 4012 400 4067 complexione:
417 4010 447 4054 E:
467 4012 655 4067 complexionem.
724 4012 752 4055 15.
767 4013 840 4056 ABE:
860 4014 1023 4069 inpatientibus.
1096 4028 1125 4069 ¹7·
1142 4014 1220 4058 Recta:

230 4081 313 4137 Fr'tqae
325 4081 425 4138 sanguis
440 4080 530 4124 Christi
542 4094 638 4133 meram,
653 4083 698 4125 etsi
710 4095 791 4125 sensas
805 4083 889 4137 deficit.
954 4096 990 4127 πο.
1007 4084 1039 4126 lt:
1055 4085 1222 4140 Biringarr'as:

230 4152 261 4194 ib.
277 4150 331 4195 CD:
350 4151 539 4194 anathematisat.
603 4152 635 4194 23.
652 4151 726 4195 ABC:
745 4152 797 4195 sedi
810 4153 879 4196 diust.
945 4165 978 4208 27.
994 4153 1089 4196 ABDE:
1110 4154 1222 4198 terrenda:

229 4222 259 4264 ib.
276 4221 309 4263 B:
329 4221 435 4264 credidit.

288 4362 327 4412 ¹7·
351 4347 451 4409 Daniel,
468 4347 596 4398 Thesaur.
618 4347 738 4413 hymnol.
762 4349 778 4397 l.
803 4365 824 4398 c.
849 4352 867 4411 l,
888 4350 945 4411 245.
1057 4366 1095 4416 ¹9·
1120 4352 1220 4400 Decreti

236 4434 324 4485 Tertia
344 4435 414 4497 Pars,
434 4435 493 4484 dist.
512 4435 542 4498 11,
560 4450 618 4501 cap.
636 4434 717 4485 XLll.
