3104 5168
666 468 834 516 inuisus
852 468 991 518 nicias
1188 450 1271 539 [eii.
1286 467 1324 510 rs

339 627 453 688 falsum
483 640 638 707 tanquam
667 627 839 688 insolubile
867 647 1053 708 puerorum,
1084 631 1129 690 sic
1157 630 1247 710 quod
1274 630 1326 690 illa

338 733 516 792 accidentia
541 732 702 792 sensibilia
727 730 907 811 significent
930 752 1047 813 panem
1069 735 1120 793 rel
1142 735 1326 795 subiectum

339 857 433 896 snum
457 838 497 896 ad
521 857 601 914 esse,
623 838 703 897 dum
726 837 867 898 totaliter
890 837 934 897 ibi
959 838 1050 900 desit.

123 953 175 996 lu:
190 955 325 1006 ,stannea
381 941 443 1002 Sed
467 943 550 1003 sicut
577 941 654 1003 false
677 961 896 1002 memoramur
919 943 1018 1003 vitam
1041 942 1162 1004 Christi
1192 963 1325 1004 conter-

136 1019 144 1037 ι
175 1006 183 1031 i
307 1005 313 1014 ’

144 1006 312 1099 '‘it''heo'ific
339 1046 440 1106 sando
467 1047 638 1124 contrarie,
664 1047 709 1106 sic
738 1049 825 1108 Deus
857 1048 1012 1127 permittit
1044 1068 1104 1109 uos
1133 1047 1210 1108 ialse
1236 1048 1351 1130 signa}

125 1110 518 1232 ⁹?‚Z²i¹'e=¹÷i¹i÷12¹s‘¹concipefe,
556 1151 709 1213 Concedo
743 1168 851 1212 tamen
883 1153 972 1233 quod
1009 1153 1239 1214 inconveniens
1277 1170 1326 1214 est

340 1257 505 1317 ecclesium
521 1272 585 1317 tam
604 1257 658 1317 diu
682 1277 801 1317 errasse
824 1258 856 1316 in
873 1259 1134 1337 speculabilibus‚
1151 1260 1208 1319 sed
1223 1259 1327 1319 maius

339 1360 568 1422 inconvenieus
591 1376 638 1423 est
661 1362 765 1442 ipsam
789 1361 914 1422 diucius
942 1361 986 1422 sic
1008 1382 1128 1424 errasse
1155 1364 1188 1422 in
1212 1382 1326 1444 opera·

341 1465 456 1527 bilibus
479 1481 510 1527 et
542 1464 593 1547 lut
620 1463 732 1549 credo)
763 1467 947 1546 superiores
974 1486 1011 1526 ac
1043 1465 1207 1528 inferiores
1230 1467 1328 1528 huius

341 1586 427 1631 secte
457 1570 641 1631 discredunt
673 1571 761 1652 quod
794 1569 944 1647 referunt,
976 1590 1048 1631 cum
1083 1591 1249 1653 nunquam
1278 1571 1328 1631 rel
1340 1593 1369 1626 ιο

339 1694 411 1735 raro
444 1676 615 1752 celebrant,
648 1689 680 1736 et
712 1690 819 1736 tamen
852 1676 949 1754 longe
980 1676 1052 1755 plus
1083 1690 1116 1737 et
1148 1674 1328 1737 lers'encius

339 1780 487 1840 laborant
519 1799 578 1861 pro
610 1779 750 1841 factione
783 1780 901 1841 nedum
932 1780 1159 1861 temporalium
1191 1795 1227 1842 ut
1259 1782 1326 1841 auri

340 1884 455 1945 modici
479 1885 534 1945 sed
551 1904 609 1966 pro
634 1884 834 1965 possessione
858 1886 906 1946 vel
929 1884 1096 1946 habicione
1118 1903 1232 1945 eorum
1249 1884 1327 1966 (que

339 2004 386 2049 est
403 2003 565 2070 respectus
581 1989 810 2070 debilissimus)
829 1988 1029 2071 acquirenda.
1054 1989 1235 2064 Quomodo
1252 2009 1327 2069 ergo

339 2095 466 2155 credam
490 2115 526 2155 ex
550 2114 645 2176 opere
674 2096 764 2176 quod
792 2092 862 2156 talis
891 2093 1048 2156 convertit
1076 2113 1195 2175 panem
1230 2100 1367 2155 suum15

339 2200 370 2260 in
388 2219 520 2281 regnum
537 2201 690 2276 celorum,
708 2199 783 2282 quia
793 2200 1002 2281 personaliter
1017 2200 1050 2260 in
1066 2219 1183 2280 corpus
1194 2197 1327 2276 Christi,

338 2305 428 2389 quod
457 2305 569 2366 exinde
601 2306 701 2367 credit
732 2319 888 2386 perpetuo
920 2325 954 2366 se
989 2304 1120 2383 habere3
1153 2325 1266 2386 ymmo
1300 2306 1327 2366 si

339 2410 438 2473 credit
481 2411 573 2490 plene
611 2409 788 2491 evangelio,
826 2410 984 2470 laboraret
1027 2430 1086 2490 pro
1129 2408 1327 2488 cognacione

340 2516 457 2578 Christi
486 2515 644 2595 habenda,
675 2513 728 2596 qui
753 2513 863 2574 Matth.
895 2513 980 2591 x110,
1006 2514 1023 2573 5
1048 2513 1125 2575 dicit
1146 2514 1326 2577 verissime:

342 2621 530 2702 Quicunque
544 2617 670 2702 fecerit
693 2617 887 2680 voluntatem
906 2619 1015 2699 patris
1040 2619 1101 2678 mei
1115 2619 1171 2701 qui
1192 2619 1225 2678 in
1250 2619 1327 2680 celis
1338 2639 1369 2674 20

339 2737 396 2801 est,
415 2727 483 2808 ipse
498 2744 588 2786 meus
595 2724 720 2805 frater,
743 2741 840 2784 soror
862 2732 894 2784 et
912 2733 1019 2785 mater
1035 2733 1092 2785 est.
1116 2723 1177 2785 ista
1193 2724 1326 2806 quidem

339 2830 493 2912 cognacio
508 2849 571 2912 que
595 2848 630 2889 ex
654 2840 741 2890 tanta
764 2828 953 2889 auctoritate
969 2827 1114 2908 procedit
1137 2847 1213 2889 cum
1229 2828 1326 2890 verbo

339 2935 502 2997 substandi
528 2933 609 2995 foret
633 2934 728 3013 longe
751 2932 864 2992 melior
879 2951 977 3014 quam
1002 2930 1168 3007 conficere,
1191 2946 1327 2994 tractare

338 3040 388 3101 vel
412 3038 462 3121 (ut
486 3039 545 3120 ipsi
572 3038 735 3120 inquiunt)
760 3035 859 3097 lacere
883 3055 1002 3117 corpus
1027 3034 1156 3098 Christi.
1190 3035 1327 3099 Cultum

339 3159 448 3206 autem
467 3156 588 3205 rectum
606 3162 668 3203 non
688 3141 824 3222 reprobo
842 3141 898 3202 sed
915 3140 1062 3202 desidero
1078 3153 1325 3222 etprocurarem
1338 3147 1368 3198 25

339 3264 497 3331 quantum
522 3246 658 3325 sufficio,
687 3247 743 3307 sed
770 3246 893 3308 cultum
923 3244 1084 3307 infidelem
1108 3260 1139 3307 et
1163 3245 1327 3327 duplicem

339 3354 480 3416 detestor
495 3372 560 3434 quo
584 3352 735 3413 adoratur
750 3365 988 3412 sacramentum
1004 3364 1170 3432 tamquam
1188 3350 1326 3432 ydemp·

339 3460 399 3520 tice
423 3477 539 3539 corpus
568 3455 697 3519 Christi.
733 3455 849 3517 Pocius
877 3470 986 3517 autem
1014 3457 1220 3516 concederem
1251 3475 1327 3516 cum

341 3563 529 3644 Augustino,
560 3560 772 3623 [incolniensi
797 3576 827 3622 et
850 3561 960 3622 ceteris
988 3560 1075 3642 quod
1103 3580 1201 3622 omne
1224 3579 1327 3620 mem·

340 3670 433 3729 hrum
459 3665 578 3730 Christi
612 3667 651 3728 sit
684 3665 807 3728 realiter
836 3679 866 3727 et
891 3685 961 3727 vere
990 3666 1043 3726 sed
1073 3664 1328 3747 participacione
1341 3671 1373 3723 30

340 3773 477 3856 quadam
502 3771 653 3833 dominus
677 3771 767 3833 lesus
785 3769 948 3849 Christus;
972 3790 1047 3831 nam
1071 3768 1238 3867 quodlibet
1266 3769 1328 3830 tale

390 4007 410 4049 7.
440 3994 492 4037 llh':
519 3993 724 4049 speculacionibus.
823 4005 849 4038 11.
878 3992 909 4035 E:
938 3997 960 4036 et
988 3992 1065 4035 before
1085 3991 1227 4047 feriencius
1255 3991 1330 4035 deest.

337 4064 366 4109 13.
383 4064 413 4108 E:
429 4070 484 4115 arcu
504 4063 535 4107 ib.
551 4062 646 4106 nqu:
665 4062 828 4114 habitacione,-
845 4062 876 4105 ib.
891 4061 922 4104 E:
938 4060 985 4117 qui.
1053 4071 1086 4112 ¹4·
1105 4059 1137 4103 h:
1160 4059 1330 4104 debilissimus.

338 4134 458 4192 ninhe':
475 4134 536 4190 quia.
584 4131 780 4175 20.ABC:eclo.
829 4142 862 4186 27,
878 4131 911 4174 28.
928 4130 981 4173 DE:
991 4128 1148 4186 ydemplilice.
1197 4129 1329 4185 annue:

337 4212 400 4263 quoa
413 4211 442 4250 et.
498 4203 532 4247 30.
549 4203 580 4246 lJ:
598 4201 632 4252 fit.
686 4201 715 4246 31.
731 4201 763 4245 D:
783 4201 890 4245 domiuus
904 4204 991 4245 noster.

391 4348 430 4398 an.
452 4333 491 4381 Cl'.
506 4336 572 4397 Aug.
587 4334 656 4396 Opp.
673 4341 739 4379 tom.
754 4331 786 4390 V,
808 4327 881 4391 1346,
904 4342 977 4392 1412,
1001 4330 1077 4391 14135
1098 4328 1140 4391 lv,
1163 4326 1238 4389 1083,
1263 4328 1333 4396 ¹394

340 4426 374 4485 (el
393 4421 474 4484 alibi).
