3098 5160
181 459 238 508 LIV
690 453 966 504 lNTRODUCTlON.

181 628 380 694 Taborites.¹
406 631 414 690 l
434 629 560 709 subjoin
578 628 630 690 the
647 627 755 710 points
774 628 810 689 ol
823 643 960 709 greatest
976 628 1185 710 importance,
1211 628 1359 711 wishing
1378 632 1490 713 clearly

182 751 215 798 to
239 735 329 796 show
353 733 421 795 that
443 732 518 815 they
542 753 593 794 are
616 734 733 794 almost
757 732 906 795 identical
931 732 1007 795 with
1033 735 1087 794 the
1111 731 1206 795 belief
1227 731 1265 793 ol
1289 732 1437 816 Wyctit:

285 841 528 902 Sacramentum
552 838 705 899 dominici
722 838 866 919 corporis
882 853 913 900 et
930 838 1094 920 sanguinis
1112 853 1158 899 est
1173 838 1310 918 signum
1327 859 1370 900 ex
1388 840 1492 901 divina

181 945 385 1008 institucione
411 945 600 1026 deputatum
625 944 664 1004 ad
688 943 933 1024 significandum
959 943 1126 1005 efficaciter
1154 942 1360 1024 spiritualem
1395 946 1493 1007 nutri·

180 1052 306 1113 cionem
331 1049 471 1110 hominis
496 1049 527 1109 in
546 1050 623 1124 Deo,
648 1069 711 1130 qua
735 1049 901 1109 assistente
925 1050 988 1110 vita
1011 1049 1185 1130 spiritualis
1209 1066 1444 1134 conservatur,
1467 1067 1493 1111 et

182 1177 244 1238 qua
269 1154 431 1216 deficiente
471 1153 587 1232 delicit,
628 1153 752 1216 dicente
788 1155 929 1230 veritate,
967 1154 1097 1216 loannis
1122 1154 1177 1216 Vl:
1216 1154 1286 1216 Nisi
1311 1158 1493 1219 manduca·

183 1262 289 1322 veritis
312 1274 370 1322 etc.
479 1261 577 1335 Quod
610 1274 848 1320 sacramentum
881 1272 983 1320 cetera
1015 1258 1234 1340 multipliciter
1264 1261 1438 1323 excellens
1461 1282 1494 1323 ex

184 1366 257 1427 alibi
282 1364 448 1426 declaratis
480 1384 664 1446 expressum
689 1364 786 1425 habet
810 1363 841 1423 in
866 1364 1024 1445 evangelis
1058 1363 1308 1426 fundamentum
1335 1413 1427 1431 ...
1452 1367 1496 1428 De

182 1491 250 1552 quo
285 1470 371 1530 istud
396 1491 431 1531 ex
463 1467 524 1530 fide
558 1470 712 1551 scripture
746 1482 894 1531 tenemus
918 1483 948 1530 et
973 1469 1069 1530 corde
1102 1469 1261 1530 sinceriter
1296 1469 1496 1534 confitemur

184 1577 271 1656 quod
302 1574 393 1656 panis
422 1594 518 1655 quem
544 1573 691 1637 Christus
715 1574 746 1635 in
772 1594 827 1634 sua
853 1594 929 1635 cena
953 1575 1110 1656 accipiens
1135 1572 1200 1635 suis
1223 1574 1263 1634 ad
1289 1578 1495 1639 manducau-

185 1682 263 1741 dum
296 1679 383 1740 dedit
415 1679 580 1759 discipulis
691 1679 819 1760 reliquit
855 1680 1043 1741 memoriam
1077 1698 1133 1739 sue
1169 1677 1345 1761 passionis,
1385 1692 1438 1743 est
1468 1682 1497 1742 in

186 1794 305 1846 natura
329 1803 389 1844 sua
412 1802 509 1845 verns
527 1785 626 1865 panis
648 1785 704 1864 qai
721 1785 915 1863 pronomine
936 1784 995 1844 hoc
1018 1783 1262 1845 demonstratur
1285 1784 1320 1845 in
1338 1785 1409 1846 hac
1421 1804 1497 1867 pro-

181 1889 347 1968 posicione
376 1890 625 1950 sacramentali:
656 1887 729 1950 Hoc
752 1900 799 1950 est
821 1908 939 1970 corpus
964 1908 1080 1951 arreum.
1116 1888 1253 1949 Etcum
1282 1888 1349 1950 hoc
1384 1910 1498 1952 verum

189 2014 305 2075 corpus
330 1992 448 2055 Christi
556 2015 618 2053 non
655 1992 790 2055 identice
819 1995 857 2052 de
887 1993 1040 2055 materiali
1073 1992 1239 2055 identitate
1269 1992 1498 2077 intelligendo,
1541 1978 1543 2033 3

187 2099 242 2159 sed
267 2099 545 2177 sacramentaliter,
570 2098 692 2159 realiter
716 2112 745 2158 et
771 2114 859 2176 vere3
888 2099 942 2178 qui
971 2112 1102 2178 propter
1129 2097 1178 2158 sui
1202 2096 1437 2160 habitudinem
1460 2100 1497 2161 ad

188 2223 304 2284 corpus
320 2203 438 2267 Christi
460 2204 491 2265 in
516 2203 574 2264 sibi
599 2204 704 2265 debita
730 2203 895 2264 habendus
919 2218 966 2265 est
991 2202 1182 2279 reverencia;
1206 2217 1236 2263 et
1253 2199 1369 2265 fideles
1389 2206 1497 2287 ipsum

189 2323 379 2369 venerantur
408 2329 472 2370 non
497 2323 532 2369 ut
555 2308 646 2389 panis
670 2308 896 2381 substanciam,
920 2308 976 2368 sed
1000 2309 1038 2368 de
1062 2320 1195 2389 quanto,
1220 2321 1256 2367 ut
1280 2309 1498 2387 premittitur,

189 2427 237 2474 est
254 2412 512 2493 corpusChristi,
537 2414 626 2474 cuius
652 2432 763 2473 verum
788 2433 903 2494 corpus
929 2413 961 2472 in
986 2412 1100 2473 eodem
1124 2432 1190 2472 esse
1214 2412 1377 2475 veraciter
1395 2435 1497 2477 sacra·

190 2516 368 2578 mentaliter
391 2537 427 2578 ac
451 2518 656 2598 spiritualiter
681 2532 726 2578 est
751 2519 956 2595 credendum,
982 2537 1047 2578 non
1071 2531 1178 2578 autem
1196 2515 1227 2576 in
1244 2518 1408 2580 omnibus
1428 2540 1496 2597 pro-

190 2623 374 2706 prietatibus
390 2637 456 2684 tam
473 2624 696 2684 essencialibus
712 2644 810 2705 quam
826 2623 1076 2685 accidentalibus
1093 2622 1369 2705 consequentibus
1388 2623 1496 2706 ipsum

191 2730 274 2790 idem
310 2748 427 2810 corpus
453 2728 571 2790 Christi
602 2729 632 2788 in
663 2731 731 2790 celo
756 2731 785 2790 in
810 2729 937 2790 dextera
962 2728 1018 2789 Dei
1052 2729 1175 2805 sedens,
1209 2746 1266 2788 nec
1294 2728 1498 2791 adsensum

192 2835 387 2916 ponentium
418 2853 534 2915 corpus
558 2832 674 2894 Christi
705 2834 806 2896 taliter
834 2833 877 2893 ibi
906 2853 984 2912 esse,
1019 2834 1107 2915 quod
1131 2832 1182 2893 ille
1207 2831 1324 2893 modus
1360 2853 1497 2915 presup·

193 2954 325 3021 poneret
358 2938 549 3000 desicionem
585 2940 766 3000 substancie
799 2938 888 3020 panis
913 2952 944 2998 et
968 2938 1210 2998 conversionem
1242 2937 1499 3003 substancialenr

193 3045 293 3125 ipsius
318 3044 349 3104 in
374 3063 489 3125 corpus
508 3043 638 3122 Christi,
662 3046 700 3104 ad
726 3045 813 3125 quod
838 3043 943 3104 omnis
968 3042 1069 3103 fidelis
1094 3043 1124 3103 in
1151 3058 1257 3104 mente
1280 3042 1378 3104 debet
1396 3057 1499 3107 atten-

193 3151 277 3228 dere,
289 3168 441 3230 suspensa
459 3149 716 3209 consideracione
735 3148 815 3209 circa
833 3163 981 3208 naturam
999 3147 1171 3209 materialis
1187 3147 1375 3212 substancie
1392 3168 1500 3211 sacra·

194 3255 303 3333 menti,
330 3273 403 3314 cum
427 3253 611 3314 sollicitudo
636 3251 778 3314 fidelium
804 3274 875 3314 vere
899 3252 1073 3329 adorando,
1097 3249 1342 3335 genuflectendo
1360 3266 1393 3315 et
1411 3253 1501 3336 cogi·

194 3358 292 3419 tando
316 3378 383 3418 esse
407 3358 520 3420 debeat
544 3360 575 3419 in
601 3358 782 3419 imitacione
800 3358 975 3419 Salvatoris
1000 3359 1100 3419 nostri
1125 3370 1156 3418 et
1178 3355 1356 3419 devocione
1373 3359 1419 3420 ad
1436 3361 1504 3421 eius

195 3482 309 3542 corpus
341 3463 429 3544 quod
459 3482 586 3524 sursum
615 3478 672 3541 est,
697 3477 726 3525 et
751 3464 839 3544 quod
868 3462 966 3524 eciam
997 3464 1095 3523 modo
1123 3461 1268 3543 predicto
1296 3474 1346 3523 est
1370 3462 1404 3523 in
1431 3463 1504 3547 ipso

197 3569 367 3629 venerabili
393 3583 602 3631 sacramento,
628 3569 667 3629 Et
690 3567 1012 3650 proporcionabiliter
1035 3568 1072 3629 de
1096 3578 1295 3629 sacramento
1318 3568 1434 3632 calicis
1459 3584 1505 3633 est

197 3673 414 3735 senciendum.

304 3778 330 3838 lt
353 3799 418 3839 was
442 3799 483 3839 on
508 3778 569 3840 this
594 3799 668 3861 very
692 3778 785 3859 point
808 3779 876 3840 that
898 3778 950 3839 the
984 3777 1144 3838 moderate
1169 3775 1314 3837 Hussites
1350 3780 1506 3861 opposed

200 3881 254 3942 the
279 3882 447 3944 Taborites
472 3884 547 3945 with
575 3883 626 3945 the
651 3898 734 3944 most
758 3883 890 3944 decided
914 3883 1155 3943 contradiction.
1179 3879 1278 3942 Their
1303 3881 1460 3949 doctrine
1483 3886 1509 3949 is

200 4007 233 4047 as
259 3987 396 4049 lollows:
576 4066 580 4071 ι

307 4093 452 4174 lnprinris
470 4095 626 4156 credimus
644 4109 673 4155 et
690 4110 852 4155 tenemus.
866 4144 872 4158 .
890 4093 977 4175 quod
990 4091 1138 4155 Christus
1151 4110 1242 4152 verus
1255 4090 1343 4154 Deus
1362 4109 1396 4157 et
1409 4117 1509 4161 verus

201 4198 299 4259 homo
323 4212 369 4259 est
393 4200 423 4259 in
448 4214 645 4260 sacramento
670 4199 784 4260 visibili
803 4199 997 4260 Eucharistie
1015 4199 1192 4259 secundum
1216 4216 1309 4259 suant
1334 4205 1511 4286 propriam

310 4408 315 4440 ¹
337 4410 435 4459 Fontes
455 4426 540 4458 rerum
562 4412 688 4459 nustriae.
708 4410 725 4469 l,
745 4420 808 4457 tum.
830 4410 870 4471 vl,
890 4426 914 4474 p.
934 4407 992 4458 finti.
