3104 5168
126 471 194 516 ene.
209 457 261 544 ru]
468 476 513 525 DE
533 475 776 526 sucusltrsrut.

128 649 259 717 propter
296 633 572 715 magnificenciam
619 647 760 696 nostram
802 633 851 695 vel
894 632 1064 715 pecuniam
1097 654 1113 694 a

129 741 252 822 populo
286 740 516 802 cumulandam
550 740 636 821 ipsos
670 758 774 800 errare
809 738 953 821 facimus,
987 751 1114 820 peccata

128 845 258 906 illorum
282 843 482 907 comedimus
506 857 537 906 et
560 864 619 905 nos
644 844 732 925 ipsos
755 863 813 926 pro
837 841 958 926 duplici
982 843 1114 905 crimine

129 950 273 1031 ipsorum
290 963 321 1011 et
336 963 445 1012 nostra
456 949 587 1011 cecitate
598 949 765 1011 temeraria
782 948 972 1030 obligamus,
990 948 1114 1010 dicente

104 1053 287 1135 5Gregorio
312 1053 439 1114 Omelia
456 1053 558 1114 XVll:
583 1054 756 1130 Debemus,
780 1053 894 1136 inquit,
918 1056 988 1115 siue
1010 1072 1114 1114 cesso·

128 1160 220 1220 cione
236 1159 417 1220 meminisse
431 1158 517 1240 quod
541 1158 579 1219 de
595 1158 784 1240 quibusdam
805 1157 885 1219 Osee
909 1158 1024 1219 dictum
1050 1167 1115 1221 est:

130 1265 262 1325 Peccata
281 1263 399 1345 populi
427 1265 488 1325 mei
511 1262 681 1325 comeduut
708 1273 738 1325 et
765 1272 842 1325 sunt
868 1262 914 1323 hii
935 1263 992 1344 qui
1013 1264 1114 1325 delin-

129 1371 299 1452 quencium
318 1379 453 1449 peccato
467 1366 586 1449 fovent
609 1387 649 1429 ue
672 1369 863 1448 temporalia
886 1367 1042 1449 stipendia
1067 1368 1116 1429 vel

129 1476 267 1535 bonores
305 1473 462 1535 omittant.
503 1472 566 1534 Sea
603 1483 633 1533 et
665 1490 724 1533 uos
756 1473 812 1553 qui
843 1492 885 1533 ex
916 1471 1116 1554 obligocione

90 1579 268 1662 rofidelium
302 1578 436 1638 vivimus
467 1577 553 1659 quod
585 1577 634 1637 illi
660 1596 724 1658 pro
750 1577 892 1658 peccatis
925 1577 993 1638 suis
1026 1576 1116 1639 nobis

128 1683 312 1766 conferunt,
346 1685 375 1744 si
406 1683 602 1744 comedimus
630 1693 661 1743 et
686 1692 840 1759 tacemus,
869 1684 990 1764 procul
1021 1682 1116 1744 dubio

129 1808 240 1851 eorum
252 1797 388 1869 peccata
405 1787 611 1850 comedimus.
628 1785 715 1862 Quid
732 1787 816 1848 enim
828 1800 954 1868 oportet
970 1787 1117 1850 infunda-

130 1892 232 1956 biliter
260 1892 292 1954 in
326 1890 565 1975 magnificencia
599 1892 786 1954 sacramenti
818 1890 935 1975 fingere
971 1906 1114 1955 nostram

131 1997 353 2061 excellenciam
377 1997 445 2060 sine
475 1993 597 2060 fructu?
631 1997 723 2059 Unde
752 1996 938 2079 frequenter
969 1997 1117 2059 mirando

92 2104 302 2166 omovebam
325 2102 404 2186 quid
426 2103 531 2165 movit
560 2101 679 2183 primos
709 2102 901 2182 glossatores
930 2103 974 2164 sic
1003 2103 1116 2180 dicere,

130 2222 160 2272 et
187 2227 262 2271 cum
290 2227 348 2270 nec
376 2207 461 2270 racio
485 2226 541 2270 nec
565 2207 800 2285 testimonium,
832 2208 937 2269 solum
971 2220 1117 2290 superest

130 2313 284 2376 revelacio
311 2312 358 2375 vel
382 2313 547 2396 scriptura.

174 2419 342 2494 Quantum
370 2417 409 2480 ad
439 2417 682 2502 revelationem,
714 2417 746 2478 in
776 2417 885 2478 diebus
914 2436 1025 2478 eorum
1044 2416 1327 2499 fuitrnemalersor

131 2543 237 2586 sermo
252 2524 387 2586 Domini
395 2523 582 2604 preciosum
597 2521 787 2604 scripturam
806 2536 914 2585 autem
932 2541 1006 2583 cum
1023 2540 1115 2583 sensu
1140 2477 1321 2582 iieriiiilitiiri

90 2646 122 2680 20
132 2648 190 2689 suo
215 2627 361 2689 nesciunt
383 2628 531 2709 allegare3
567 2639 598 2688 et
626 2646 701 2687 cum
724 2627 879 2708 scriptura
907 2640 973 2689 tam
1003 2625 1116 2688 crebro
1128 2582 1334 2688 ,illaillllll‘lr

133 2745 225 2795 vocat
255 2732 396 2794 hostiam
421 2751 550 2811 ponem,
588 2730 805 2813 periculosum
839 2730 965 2793 videtur
993 2730 1118 2793 credere

133 2837 182 2899 vel
206 2838 321 2898 docere
338 2839 425 2919 quod
443 2836 582 2918 Spiritus
600 2836 736 2899 Sanctus
760 2834 912 2897 intellexit
932 2855 988 2916 per
1003 2855 1119 2917 panem

133 2942 222 3004 illum
251 2961 315 3006 non
346 2960 464 3023 panem
492 2941 546 3002 sed
576 2939 723 3004 accidens
756 2940 856 3003 aliene
889 2953 1009 3021 nature,
1045 2959 1119 3002 cum

134 3047 235 3109 sancti
260 3060 290 3108 et
314 3046 399 3106 racio
424 3046 658 3110 contradicant.
683 3046 757 3108 Non
774 3044 858 3106 enim
877 3058 923 3106 est
939 3045 1024 3106 racio
1036 3044 1119 3126 quin

92 3151 224 3233 25panis
247 3163 388 3213 sacratus
409 3163 439 3213 et
453 3150 564 3213 vinum
588 3149 776 3231 simpliciter
799 3149 862 3212 sint
885 3162 1118 3211 sacramentum

134 3255 278 3338 corporis
299 3253 463 3329 dominici,
487 3254 569 3323 sicut
591 3275 673 3337 aqua
694 3254 859 3316 benedicta
879 3254 919 3315 sit
939 3273 1120 3316 sacramen·

135 3375 205 3424 tum
229 3360 380 3442 baptismi
403 3361 496 3422 etsie
513 3360 552 3420 de
569 3359 636 3421 aliis
652 3357 874 3432 sacramentis3
899 3378 955 3421 nec
973 3372 1019 3421 est
1034 3357 1121 3421 racio

136 3466 223 3549 quod
239 3466 327 3528 Deus
351 3464 524 3527 deteriorat
546 3464 785 3526 universitatem
801 3482 902 3544 suam,
927 3464 1121 3526 destruendo

137 3572 215 3654 signi
247 3569 465 3635 substanciam
493 3570 561 3632 sine
593 3586 702 3648 causa;
744 3588 802 3631 nec
837 3582 883 3630 est
913 3569 999 3631 racio
1032 3571 1122 3652 quod

96 3679 128 3729 30
141 3677 260 3742 Veritas
289 3677 415 3741 ordinet
447 3688 682 3738 sacramentum
712 3687 775 3736 tam
809 3672 984 3755 spirituale,
1016 3687 1050 3736 ut
1082 3674 1122 3735 sit

191 3928 206 3959 r.
222 3914 241 3960 C
254 3917 277 3960 in
292 3925 365 3961 textu:
380 3919 580 3975 ineptitudinem
594 3918 616 3961 in
629 3929 715 3972 marga
730 3915 937 3973 magnificenciam.
989 3916 1010 3958 6.
1025 3913 1121 3959 Aaou:

138 3987 161 4029 in
178 3986 244 4030 Osee.
319 3987 340 4041 8,
356 4000 378 4043 9.
393 3987 425 4030 D:
444 3989 596 4042 stipendiales
610 3987 719 4031 bonores.
796 3986 945 4030 ro.1ntextu
961 3985 985 4031 S.
1002 3984 1121 4040 Gregorii:

138 4055 186 4100 Sed
198 4062 221 4100 et
234 4068 276 4100 nos
289 4057 332 4112 qui
346 4069 374 4099 ex
387 4057 546 4101 oblacionibus
556 4056 663 4111 fidelium
677 4057 781 4111 vivimus,
791 4068 850 4112 quos
865 4055 903 4099 illi
912 4055 1067 4111 propeccatis
1076 4055 1124 4098 suis

137 4127 277 4171 obtulerunt.
318 4137 348 4170 ιε.
359 4126 410 4170 DE:
424 4128 486 4182 Quid
495 4138 562 4183 ergo.
604 4126 840 4179 14.B:numerando.
883 4125 995 4170 15.A8C:
1011 4125 1122 4169 movebat.

139 4197 173 4240 26.
189 4196 241 4240 DE:
259 4195 294 4247 fit.
348 4195 383 4240 30.
399 4197 495 4242 ABCD:
515 4198 622 4252 spectole.

194 4340 216 4390 5.
229 4342 255 4390 S.
262 4341 389 4405 Gregorii,
400 4342 426 4390 ln
438 4340 589 4405 Evangelia,
605 4341 649 4390 lib.
660 4342 677 4403 l,
688 4343 766 4392 Hom.
776 4343 855 4405 XVll,
866 4342 936 4406 Opp.
947 4351 1010 4389 tom.
1021 4340 1038 4401 l,
1050 4354 1123 4406 1499·

139 4426 163 4477 6.
183 4428 253 4477 Osee
272 4428 313 4488 lV,
332 4427 357 4477 8.
437 4427 474 4477 18.
494 4429 512 4478 l.
531 4428 595 4493 Reg.
615 4429 655 4491 lll,
678 4445 699 4479 r.
