3104 5168
664 501 833 549 ronanus
852 501 992 550 unctu*
1188 479 1271 567 [cae.
1286 496 1316 539 rr

340 659 440 718 horno
468 658 626 718 secundus
648 671 695 719 est
718 658 749 719 io
773 672 994 738 suoparente;
1026 675 1058 719 et
1090 659 1122 718 in
1151 659 1221 719 istis
1248 674 1325 719 sunt

340 763 431 822 multi
465 764 593 841 gradus.
631 761 815 823 Secundum
848 782 925 822 sero
955 783 1056 842 genus
1088 763 1214 823 essendi
1252 767 1326 824 sub-

339 864 483 947 sequitur
513 867 716 927 existenciam
746 880 889 928 creature
918 883 950 929 et
976 866 1154 948 specialiter
1185 867 1327 929 hominis

339 972 393 1052 qui
416 991 490 1032 curn
513 969 549 1032 fit
573 973 613 1031 ad
635 973 819 1054 ymaginem
849 973 916 1046 Dei,
946 972 1041 1033 habet
1064 993 1134 1034 esse
1156 973 1327 1034 existencie

341 1076 389 1135 vel
421 1095 489 1136 esse
519 1077 659 1154 actuale;
691 1077 833 1137 secundo
862 1077 956 1138 habet
985 1097 1053 1137 esse
1076 1078 1272 1157 presenciale
1295 1093 1352 1143 et5

340 1180 438 1242 tercio
469 1180 563 1242 habet
595 1201 663 1242 esse
690 1181 835 1260 virtuale,
867 1195 904 1243 ut
936 1181 1148 1263 exemplificat
1176 1183 1326 1263 Magister

340 1286 371 1347 in
395 1285 551 1367 principio
578 1287 791 1348 Historiarum
816 1288 855 1347 de
884 1307 967 1367 rege.
1002 1287 1096 1349 Unde
1126 1287 1326 1368 Augustinus

340 1391 395 1453 ubi
429 1408 539 1473 supra:
575 1393 677 1467 Deus,
709 1392 823 1475 inquit,
858 1394 985 1454 iusticia
1012 1403 1062 1455 est
1086 1403 1118 1454 et
1145 1393 1326 1474 ubicunque

339 1497 466 1558 iusticia
483 1508 664 1572 exercetur,
677 1499 768 1559 Deus
783 1498 825 1558 ibi
840 1497 994 1560 creditur.
1010 1497 1064 1558 Sic
1083 1497 1220 1580 denique
1236 1499 1328 1559 adest

339 1601 517 1680 imperator
533 1601 654 1662 latroni
669 1600 745 1662 dum
768 1622 841 1663 eum
858 1603 1024 1682 dampnat,
1039 1603 1122 1663 sicut
1139 1603 1234 1663 militi
1248 1602 1368 1666 dumio

339 1725 412 1766 eum
439 1715 633 1766 remunerat.
665 1705 706 1765 Et
737 1725 829 1766 nemo
856 1706 940 1768 enim
965 1706 1114 1786 opinetur
1135 1705 1249 1768 sordes
1271 1706 1325 1766 ab·

339 1809 502 1870 hominari
527 1809 585 1871 sed
610 1812 700 1871 solas
722 1821 931 1891 peccatorum
963 1810 1077 1873 sordes
1104 1832 1176 1871 eum
1206 1813 1328 1872 noverit

338 1916 506 1975 execrari:
528 1933 587 1975 nec
608 1934 681 1976 eum
693 1934 791 1995 posse
813 1916 883 1976 ulla
906 1935 944 1976 re
966 1916 1138 1994 maculari,
1161 1917 1246 1977 sicut
1268 1935 1326 1977 nec

339 2017 467 2079 radium
490 2020 566 2080 solia
590 2021 657 2080 ulla
672 2019 867 2080 inmundicia
883 2019 1059 2082 sordidari.
1086 2023 1151 2081 Nec
1169 2040 1325 2102 umquam

339 2122 479 2184 creditur
494 2123 592 2184 istum
607 2139 755 2185 sanctum
772 2125 821 2186 vel
838 2125 977 2207 aliquem
996 2145 1033 2184 ex
1049 2126 1110 2185 hoc
1125 2124 1324 2186 katholicam
1338 2141 1367 2190 ιδ

339 2246 455 2308 corpus
472 2225 591 2289 Christi
614 2227 764 2289 habuisse
786 2228 818 2288 in
843 2228 1011 2290 eukaristia
1033 2229 1238 2290 existenciam
1261 2230 1321 2289 sin·

338 2332 481 2413 gularem
498 2333 529 2392 in
553 2352 611 2393 sua
636 2332 784 2411 essencia,
802 2332 927 2394 dicente
944 2333 1128 2413 Augustino
1145 2333 1196 2393 ubi
1214 2349 1324 2414 supra:

344 2435 492 2515 Ultimus,
520 2437 634 2518 inquit,
664 2438 697 2498 in
730 2458 835 2520 regno
861 2440 1003 2499 celarum
1037 2449 1069 2498 ut
1097 2439 1149 2499 sol
1164 2437 1325 2521 fulgebit,

341 2542 397 2623 qui
430 2552 508 2603 tunc
544 2543 665 2622 sepcies
701 2542 825 2604 clarior
862 2563 958 2624 quam
992 2562 1080 2603 nunc
1111 2544 1181 2604 erit.
1219 2543 1261 2604 Et
1293 2545 1324 2603 in

339 2648 399 2706 hac
434 2646 583 2708 claritate
614 2658 739 2708 tantum
771 2649 908 2729 quisque
940 2647 980 2706 ab
1013 2648 1078 2708 alio
1106 2666 1170 2728 pro
1202 2649 1326 2709 meritis
1337 2679 1368 2712 ιο

340 2750 449 2832 differt
475 2762 634 2832 quantum
663 2751 759 2813 stella
788 2772 809 2812 a
836 2752 931 2813 stella
962 2753 995 2812 in
1025 2752 1175 2814 claritate
1201 2752 1328 2833 differt‚·

341 2876 398 2916 nos
421 2868 528 2918 autem
553 2876 664 2917 omnes
688 2867 811 2918 tantum
838 2876 959 2936 corpus
978 2856 1097 2917 Christi
1119 2857 1151 2916 in
1175 2857 1327 2918 claritate

341 2961 467 3023 excedit
481 2972 638 3043 quantum
655 2972 785 3023 creator
800 2971 973 3022 creaturas
990 2960 1188 3022 transcendit
1193 2977 1206 3037 ;
1223 2962 1328 3042 igitur

341 3065 415 3125 talis
438 3067 516 3127 visio
540 3067 615 3127 talis
637 3067 743 3148 glorie
765 3086 906 3148 regnum
931 3068 1074 3128 celorum
1098 3066 1228 3139 dicitur,
1251 3067 1326 3148 quia

341 3171 403 3230 soli
416 3170 487 3244 celi,
503 3171 536 3231 id
552 3181 599 3232 est
622 3173 708 3246 iusti,
732 3173 791 3232 hoc
792 3173 973 3255 fruuntur.
999 3172 1074 3232 Ideo
1091 3172 1326 3233 humanitatem
1339 3172 1368 3235 2'5

342 3276 460 3337 Christi
485 3277 554 3337 solo
577 3278 673 3338 oculo
691 3277 806 3338 mentis
824 3297 888 3337 non
907 3277 1050 3358 corporis
1068 3296 1161 3350 nunc,
1183 3276 1327 3338 videmus

341 3379 420 3440 sicut
437 3395 467 3441 et
489 3382 600 3442 beatus
618 3381 798 3462 Stephanus
815 3382 878 3443 fide
894 3381 983 3477 vidit,
1008 3382 1130 3443 dicente
1143 3383 1328 3463 Augustino

396 3633 411 3664 r,
428 3620 457 3664 ll:
473 3621 542 3664 homo
557 3623 632 3673 dccst;
647 3623 678 3665 ih.
695 3623 725 3666 C:
741 3624 765 3666 in
780 3625 802 3666 in
820 3636 892 3679 marg.
907 3624 951 3666 alia
967 3636 1045 3666 uranu.
1099 3625 1122 3667 6.
1137 3622 1168 3665 13:
1183 3628 1205 3666 et
1220 3624 1330 3678 exempli·

340 3689 403 3743 Am.
480 3692 940 3748 JUMmmnwmhmmm
1020 3693 1329 3748 offlOEnnfflmw

344 3759 376 3802 ll:
395 3759 435 3803 Sic
454 3761 523 3804 lleus.
618 3775 643 3805 rr.
664 3763 752 3805 codd:
771 3776 838 3806 neruo
856 3764 916 3806 enim
935 3766 1031 3814 sordem
1049 3765 1110 3806 enain
1129 3765 1240 3818 opinetur
1257 3764 1330 3806 deest.

344 3842 372 3873 ri.
390 3831 421 3873 ll:
440 3835 503 3874 solas
521 3833 595 3879 etaim:
613 3833 705 3875 aucti:
725 3834 788 3875 solers
806 3845 864 3875 erant.
884 3833 989 3875 Corrcxi.
1071 3832 1098 3875 tl.
1121 3833 1153 3875 ll:
1173 3834 1235 3876 enirn
1250 3845 1331 3887 posse.

345 3888 612 3956 15.ntr'qaem‚·1t:a‘ir.
668 3904 698 3945 18.
714 3903 801 3946 codd:
824 3903 931 3945 L'lterr'us.
986 3914 1021 3946 20.
1037 3902 1126 3946 codd:
1145 3908 1235 3946 tantum
1249 3904 1331 3958 quisi.

344 3983 374 4013 ar.
390 3971 479 4014 thud:
499 3970 619 4028 differrent.
674 3983 706 4014 22.
723 3973 756 4014 ll:
771 3972 822 4014 llos
836 3977 927 4022 tantem
944 3973 1038 4015 ABCli:
1054 3973 1159 4015 homines
1172 3978 1257 4016 rentem.
1274 3974 1333 4017 Cor·

346 4041 400 4083 resi.
464 4041 496 4083 23.
512 4042 586 4085 AllC:
605 4041 666 4084 ideo.
729 4052 765 4095 24,
781 4043 811 4086 25.
828 4043 858 4085 E:
878 4043 983 4097 quisali.
1047 4041 1333 4086 instrumentarius

345 4120 378 4163 27.
394 4109 468 4153 AllC:
484 4115 506 4152 et
520 4110 591 4153 deest.

398 4271 422 4321 s).
443 4274 457 4322 i.
471 4290 494 4322 e.
508 4274 599 4323 Petrus
613 4275 761 4333 (Ionrastor,
781 4288 837 4336 cap.
852 4273 869 4333 l,
884 4274 922 4322 lle
936 4275 1067 4322 creatione
1081 4274 1188 4337 empirei
1204 4274 1269 4322 caeli
1285 4283 1334 4323 etc.

345 4363 369 4409 n.
395 4363 458 4426 (lap.
477 4363 566 4422 XXIV,
590 4363 606 4410 l.
631 4377 651 4409 c.
676 4377 701 4425 p.
725 4359 779 4423 ¹7¹3·
868 4363 905 4409 18.
929 4361 945 4409 l.
969 4377 991 4410 c.
1015 4377 1071 4425 cap.
1090 4361 1168 4422 XLV,
1194 4377 1254 4425 pag.
1280 4361 1335 4409 132.

348 4465 388 4513 ²7·
411 4451 427 4497 1.
448 4466 469 4500 c.
489 4466 544 4514 cap.
566 4450 641 4498 Xlsll.
