3098 5160
137 526 140 531 .
168 471 235 543 ,CAR
250 457 281 546 ι]
510 481 554 531 na
574 481 817 530 nucuaarsrm.

168 635 440 716 comprehendere
469 638 648 699 subiectum
673 657 710 697 ex
733 638 882 698 mocione
911 658 966 719 per
994 659 1026 700 se
1057 641 1155 702 sensi·

170 738 240 801 bilis
264 739 446 805 adiacentis.
472 740 533 803 Sed
558 743 656 802 modo
681 742 787 803 nullus
812 762 921 803 sensus
943 742 1082 804 hominis
1098 746 1152 805 sed

168 864 247 927 pure
280 844 458 907 intellectus
494 867 550 927 per
581 845 678 907 tidem
711 846 845 929 percipit
876 867 991 928 corpus
1020 847 1155 924 Christi;

168 950 257 1031 quod
282 963 371 1030 patet
395 970 432 1010 ex
456 950 516 1012 hoc
541 951 627 1034 quod
653 951 825 1012 commixta
851 951 955 1012 hostia
972 967 1155 1015 consecrata

143 1059 242 1115 5cum
267 1054 336 1115 aliis
361 1056 461 1117 homo
486 1076 550 1116 non
575 1057 646 1138 plus
670 1055 819 1117 discernit
843 1076 914 1117 eam
937 1058 977 1117 ab
994 1057 1061 1118 aliis
1080 1059 1155 1120 sub·

169 1160 262 1221 ducta
296 1159 414 1221 noticia
445 1159 518 1221 fidei
552 1181 649 1242 quam
691 1161 766 1223 iacit
806 1163 916 1223 bestia.
956 1162 1045 1225 Sicut
1079 1183 1153 1244 ergo

171 1263 270 1325 bestia
296 1285 359 1325 non
385 1264 504 1327 sulficit
527 1265 763 1347 apprehendere
783 1267 862 1327 hanc
880 1287 947 1326 rem
964 1268 1152 1329 sacramenti

169 1367 227 1427 sub
252 1369 306 1430 tali
332 1370 532 1447 habitudine,
557 1370 598 1432 ita
623 1391 680 1432 nec
704 1391 815 1432 sensus
839 1370 988 1434 hominis.

213 1472 362 1535 Secundo
387 1475 590 1556 sompniatur
619 1475 708 1557 quod
736 1475 828 1537 multi
858 1490 946 1537 erant
975 1475 1075 1537 sancti
1099 1476 1152 1558 qui
1186 1489 1353 1586 A¹¹i¹aiii¹d⁰f

124 1591 337 1639 rotenuerunt
354 1580 441 1661 quod
458 1581 640 1641 sencierunt
658 1579 737 1660 visu,
754 1579 878 1659 auditu,
903 1579 1033 1662 olfactu,
1057 1597 1153 1661 gustu
1225 1573 1233 1585 “
1294 1575 1312 1585 “’

169 1696 199 1743 et
215 1695 302 1745 tactu
319 1704 435 1767 corpus
453 1683 570 1746 Christi
597 1686 628 1745 in
653 1684 755 1746 hostia
780 1699 972 1748 consecrata.
997 1685 1060 1747 Illis
1078 1707 1154 1768 ergo

171 1802 219 1849 est
242 1788 450 1849 credendum.
485 1789 585 1863 Sicut,
619 1789 782 1871 inquiunt,
815 1789 962 1851 videmus
990 1792 1021 1850 in
1051 1810 1153 1851 sacra·

170 1906 282 1954 mento
317 1894 495 1956 Eukaristie
530 1914 632 1970 regern
668 1915 789 1978 regum,
823 1896 866 1955 sic
899 1895 1047 1957 audimus
1080 1916 1154 1956 eum

170 1996 355 2059 infractura
380 1999 495 2077 hostie,
519 1997 687 2060 olfacimus
710 2019 785 2060 eum
802 1999 833 2059 in
852 2000 1031 2060 redolencia
1053 2000 1153 2060 forme

126 2103 261 2184 15panis
294 2102 343 2163 vel
376 2104 451 2185 vini,
486 2119 650 2182 gustamus
689 2123 762 2164 eum
796 2105 924 2186 quando
964 2105 1152 2184 inglutimus

168 2207 346 2269 venerabile
379 2222 613 2268 sacramentum
653 2224 683 2268 et
722 2209 881 2287 tangimus
916 2228 990 2269 eum
1023 2209 1153 2292 quando

169 2313 332 2394 palpando
370 2311 509 2373 hostiam
548 2313 703 2374 trahimus
742 2313 790 2372 vel
830 2325 1003 2374 tractamus
1046 2315 1153 2393 digitis

169 2415 363 2478 familiariter
387 2432 634 2479 sacramentum.

212 2522 379 2597 Quantum
397 2523 436 2581 ad
454 2522 539 2583 istud
563 2537 652 2603 patet
676 2523 762 2603 quod
787 2518 917 2602 fingitur
940 2536 1152 2604 assumptum,
1162 2534 1248 2631 {galleta
1264 2535 1370 2617 miracu?

124 2625 250 2687 20sicut
275 2646 360 2688 nunc
385 2624 550 2707 finguntur
574 2626 726 2687 miracula
752 2642 782 2688 et
806 2646 890 2687 nunc
907 2646 944 2686 ex
961 2628 1041 2688 veris
1059 2628 1152 2688 mira·
1229 2593 1362 2684 iiiiiigmi

169 2729 247 2790 culis
269 2744 401 2812 propter
424 2730 641 2810 ignorantiam
665 2750 839 2792 commune
864 2730 979 2791 falsum
1004 2732 1151 2804 creditur,

168 2848 203 2896 ut
225 2833 330 2895 audivi
354 2836 514 2916 quendam
539 2834 657 2915 fingere
682 2836 848 2917 quomodo
874 2835 977 2896 hostia
1000 2837 1038 2896 de
1062 2838 1152 2897 altari

169 2939 320 3021 paulatim
345 2940 509 3001 descendit
533 2941 572 3000 ad
599 2954 741 3001 ventrem
766 2939 894 3000 ecclesie
919 2952 950 3000 et
973 2940 1150 3015 ingressum

167 3056 215 3104 est
238 3063 293 3106 cor
317 3044 482 3106 cuiusdam
510 3043 627 3105 infirmi
653 3045 708 3126 qui
733 3045 848 3105 devote
873 3059 902 3104 et
928 3045 1055 3124 publice
1079 3065 1151 3126 pro-

120 3156 153 3206 25
167 3147 266 3210 fessus
283 3164 329 3211 est
346 3149 389 3209 sic
414 3149 576 3230 inquiens:
598 3151 644 3209 Tu
661 3150 751 3210 Dens
770 3149 853 3209 nosti
867 3148 953 3230 quod
968 3160 1153 3210 reverenter

166 3251 322 3314 subducta
348 3251 536 3333 infirmitate
561 3263 588 3314 te
613 3273 785 3330 sumerem,
810 3252 867 3314 sed
892 3272 955 3314 non
980 3254 1151 3335 nfirmitas

165 3358 291 3435 mentia,
296 3375 418 3438 ymmo
434 3356 608 3438 irfirmitns
623 3358 770 3437 corporis
787 3377 836 3418 me
853 3357 1008 3419 retardat.
1036 3359 1148 3419 Hostia

164 3479 241 3522 vero
279 3458 353 3521 fisso
385 3474 513 3543 pectore
547 3482 620 3522 cum
653 3463 747 3522 corde
781 3460 897 3522 infirmi
930 3463 1084 3543 surrepsit
1118 3463 1149 3523 in

165 3565 268 3626 cordis
303 3566 527 3645 ventriculum,
562 3579 593 3625 ct
625 3565 667 3625 sic
701 3564 845 3627 infirmus
879 3567 1071 3628 constitutus
1104 3581 1151 3627 est

214 3803 234 3848 3.
249 3803 323 3848 ABC:
336 3803 474 3859 principalis
488 3801 631 3854 Intellectum·
646 3803 664 3846 t:
679 3804 779 3846 correxit
794 3804 816 3846 iu
833 3816 905 3858 marg.
921 3804 965 3846 alia
980 3817 1063 3849 mann:
1077 3819 1150 3860 pure:

162 3874 195 3918 D:
210 3886 300 3930 purum
317 3873 348 3916 E:
368 3873 497 3916 Intellectus
512 3871 618 3915 hominis.
701 3875 721 3915 ti.
737 3874 791 3917 att:
804 3873 883 3928 secat:
902 3874 932 3916 ib.
949 3875 981 3916 ll:
1002 3875 1067 3918 Sicut
1081 3877 1148 3918 enlm.

163 3957 195 3988 ro.
212 3945 240 3987 ll:
255 3944 388 3999 olosnctus:
401 3943 434 3985 A:
450 3941 572 3997 olojactm
585 3942 615 3986 E:
627 3949 705 3999 gustu,
716 3948 779 3986 tactu
790 3949 811 3986 ct
821 3943 920 3997 infectu.
976 3957 1001 3987 u.
1018 3944 1049 3986 D:
1066 3957 1150 3999 corpus

160 4012 237 4057 Jnesu.
292 4012 322 4058 1³.
333 4013 364 4056 E:
379 4012 518 4056 Eukarr'stie
530 4013 603 4055 deest.
657 4026 689 4065 ιι.
700 4012 775 4057 ABC:
791 4014 945 4069 otosucr'mnm
958 4013 988 4056 F..
1004 4015 1147 4070 colsacr'mna.

161 4083 189 4127 15.
206 4082 235 4126 ti:
249 4083 368 4140 glutimus.
419 4082 451 4125 16.
467 4082 498 4125 E:
514 4089 537 4126 et
550 4085 622 4126 deest.
671 4096 702 4137 19.
718 4090 872 4139 crastinantem:
886 4084 959 4127 Alttj:
976 4089 1147 4140 argumentum.

159 4164 189 4196 at.
205 4164 337 4204 commnne;
355 4155 389 4196 A:
409 4165 467 4208 qum
487 4155 644 4208 superamini:
663 4167 716 4209 qaeu.
794 4165 825 4197 22.
842 4155 893 4197 tui:
913 4155 1028 4210 qnondam
1036 4155 1150 4210 fingere:

160 4223 191 4266 ib.
213 4220 327 4277 fingerem
355 4222 384 4265 B:
405 4223 518 4280 srnnge,·
545 4224 567 4266 iu
597 4236 682 4278 maru:
708 4223 807 4280 fingere.
901 4224 932 4268 23.
963 4225 993 4266 ll:
1021 4225 1148 4277 plantatim.

159 4303 195 4344 ²4·
211 4291 264 4335 Aa:
284 4292 374 4336 devote.
439 4303 473 4344 aa.
489 4292 520 4336 25.
536 4292 567 4335 li:
587 4294 710 4348 corrsesans
724 4299 764 4336 est.
827 4306 861 4349 27.
877 4295 906 4338 E:
927 4295 1033 4349 corporis
1047 4295 1093 4336 mei
1105 4307 1146 4336 me.

159 4362 193 4405 28.
209 4362 284 4406 ABC:
292 4360 355 4417 stara
365 4364 515 4419 peccatorts;
529 4363 561 4405 ll:
574 4364 677 4418 pectoris
687 4376 752 4415 cnm;
766 4364 796 4407 h':
806 4362 867 4417 fisso
880 4365 1008 4420 peccatori.
1063 4376 1097 4418 eo.
1113 4365 1147 4406 tn-

157 4430 234 4485 Μὴ·
251 4432 305 4478 AB:
325 4431 400 4487 r'nflur'.

1012 4509 1048 4557 ,ἢ
