3104 5168
129 460 195 504 car.
211 446 274 533 vit]
467 467 511 516 or:
532 468 773 517 nuctnntsrta.

131 622 262 683 fideliter
288 625 417 684 reddere
437 625 596 687 racionem
623 626 695 686 fidei
721 642 750 687 et
776 627 863 687 illam
887 626 1008 687 mundo
1028 641 1112 706 post-

131 729 235 807 posito
265 728 433 789 delendere
467 744 496 790 et
525 730 649 790 docere.
685 731 825 809 Videtur,
856 734 997 812 inquam,
1027 731 1114 810 qaod

130 854 224 893 unane
246 835 392 895 sensibile
415 835 560 896 accidens
584 836 616 895 in
641 856 728 896 sacra
751 836 853 897 hostia
872 835 958 897 iuxta
976 837 1113 916 descrip-

131 939 254 998 cionem
273 938 459 999 sacramenti
478 939 517 1000 sit
533 954 769 1002 sacramentum
783 942 831 1001 vel
843 943 954 1001 saltem
969 939 1114 1000 accidens

107 1043 283 1106 §adiuvans
305 1043 507 1119 sacramenti;
532 1046 586 1104 sed
603 1043 680 1105 fides
698 1045 861 1106 tractantis
878 1059 1115 1105 sacramentum

131 1160 160 1205 et
194 1146 406 1208 sanctihcacio
447 1149 502 1207 Dei
539 1148 743 1229 spiritualiter
781 1149 889 1209 iuvant
928 1163 958 1210 et
997 1149 1115 1210 faciunt

131 1266 374 1312 sacramentum.
416 1251 500 1312 Cum
534 1267 641 1314 autem
675 1275 771 1313 omne
805 1275 861 1334 per
893 1253 1037 1315 accidens
1077 1253 1116 1315 sit

132 1355 302 1416 redttcibile
335 1357 373 1416 ad
407 1357 538 1438 aliquod
572 1378 626 1438 per
658 1378 699 1434 se,
733 1372 819 1439 patet
852 1359 938 1439 quod
969 1371 1014 1421 est
1042 1357 1116 1418 dare

132 1459 377 1520 substancialem
395 1463 569 1520 essenciam
588 1462 637 1521 vel
659 1476 804 1522 naturam
820 1461 1036 1522 accidentibus
1054 1461 1115 1522 illis

95 1566 337 1638 msubstratam;
371 1567 423 1625 sed
455 1567 492 1625 ad
519 1566 678 1627 racionem
707 1566 793 1626 illam
822 1567 976 1627 debemus
1001 1587 1115 1647 parum

133 1669 292 1729 attendere
321 1671 374 1729 sed
406 1670 436 1730 in
468 1670 629 1730 racionem
661 1671 708 1730 sui
733 1670 846 1752 signati
871 1685 974 1731 totam
998 1671 1116 1752 cogita-

133 1774 259 1833 cionem
284 1789 427 1835 nostram
452 1776 654 1856 suspendere.
690 1776 728 1836 Et
757 1775 813 1836 hec
842 1788 888 1836 est
911 1775 995 1836 racio
1020 1795 1117 1856 quare

133 1880 231 1938 sancti
263 1879 372 1940 dicunt
400 1901 514 1960 panem
544 1880 685 1941 converti
715 1880 745 1939 in
776 1900 891 1960 corpus
921 1880 1037 1942 Christi
1068 1881 1116 1940 vel

134 1999 380 2063 sacramentum,
406 2005 517 2067 ymmo
536 2006 650 2065 panem
666 2005 732 2046 esse
753 2005 869 2066 corpus
887 1984 1015 2058 Christi,
1034 1984 1115 2046 sicut

96 2088 269 2151 rfidicimus
299 2105 497 2168 peccatorem
530 2090 669 2151 converti
703 2110 720 2149 a
753 2091 897 2150 membro
928 2089 1054 2171 dyaboli
1085 2089 1116 2148 itt

135 2192 237 2253 lilium
262 2194 335 2271 nen
361 2216 423 2276 que
447 2196 612 2256 conversio
641 2208 687 2256 est
715 2194 815 2274 magis
845 2193 996 2255 mirabilis
1019 2213 1118 2275 quam

135 2297 300 2357 conversio
331 2299 527 2361 sacramenti.
562 2299 624 2361 Sed
657 2300 767 2359 nullibi
798 2298 829 2360 in
863 2298 929 2360 istis
957 2298 1117 2359 miraculis
1134 2309 1179 2354 we
1194 2324 1262 2354 never
1277 2314 1322 2353 nn
1371 2354 1378 2371 ,

134 2419 262 2483 oportet
286 2407 372 2487 quod
395 2405 479 2466 Deus
503 2406 642 2466 destruat
665 2403 909 2465 substancialem
934 2402 1117 2480 essendmn,
1148 2365 1310 2458 llll‘tllllcll

134 2510 187 2570 sed
214 2524 317 2570 mutat
341 2511 444 2590 ipsam
465 2509 495 2570 in
513 2509 627 2569 melius
644 2509 799 2569 servando
817 2525 975 2571 naturam.
1001 2508 1040 2568 Et
1058 2507 1117 2567 hoc
1162 2470 1294 2565 sitii-iiiiii.

94 2640 125 2672 20
135 2634 332 2675 servaremus
347 2634 405 2675 nos
423 2613 476 2696 qtti
494 2613 583 2694 signa
601 2628 726 2674 tantum
744 2612 953 2687 attendimus;
972 2611 1118 2673 Christus

136 2719 218 2777 enim
248 2719 409 2780 ordinavit
440 2739 498 2780 nos
532 2718 697 2779 comedere
725 2730 756 2779 et
784 2717 889 2778 bibere
919 2717 1056 2778 hostiam
1086 2717 1117 2777 in

136 2822 193 2882 hiis
212 2824 314 2903 rebus,
332 2835 367 2884 ut
384 2822 556 2902 figurarent
573 2835 699 2904 pastum
717 2822 821 2883 anime
841 2836 993 2903 tanquam
1011 2820 1118 2882 finem.

136 2927 175 2988 Et
192 2928 314 2988 utinam
331 2928 407 2988 tales
430 2929 568 2989 cultores
590 2927 807 2988 accidencium
825 2946 890 2986 non
915 2926 978 2987 sint
1001 2947 1019 2986 a
1043 2926 1117 2987 sub-

135 3031 251 3093 stancia
286 3033 426 3113 corporis
461 3031 588 3094 ecclesie
622 3030 828 3111 exsufflandi;
866 3044 993 3112 ponunt
1031 3031 1118 3090 enim

94 3149 123 3197 25
136 3137 276 3216 religioni
291 3136 408 3199 Christi
424 3137 563 3199 accidere
580 3149 680 3198 totam
699 3137 841 3217 tegulam
858 3155 955 3217 quam
973 3134 1119 3197 Christus

135 3240 261 3303 tradidit
285 3255 315 3303 et
340 3242 383 3303 sic
408 3242 438 3302 in
456 3240 672 3302 accidentibus
689 3241 912 3318 involvuntur3
936 3239 1008 3320 plus
1032 3239 1127 3299 enim.

135 3349 356 3427 appreciantur
380 3359 504 3407 terrena
528 3367 591 3428 que
613 3345 757 3407 adiacent
781 3365 879 3427 quam
903 3343 1046 3406 virtutes.

366 3560 625 3635 CAPITULUM
650 3559 893 3635 SEPTIMUM.

180 3717 221 3779 Ut
253 3729 361 3776 autem
393 3737 409 3775 a
445 3730 643 3777 sacramento
672 3714 812 3776 veritatis
842 3715 955 3776 clarius
989 3712 1119 3793 lugetur

94 3819 264 3893 sosatsitas,
291 3832 387 3882 restat
411 3821 692 3883 transcurrendum
718 3840 774 3901 per
798 3819 858 3880 alia
883 3818 979 3878 dubia
1001 3818 1119 3900 quibus

136 3928 220 3986 scola
243 3925 402 4006 theologie
428 3925 522 3985 nimis
546 3923 681 3985 inaniter
703 3938 880 4000 accusatur,
904 3934 935 3983 et
951 3923 1057 4003 primo
1081 3922 1119 3982 de

187 4161 209 4199 a.
218 4147 236 4191 5.
246 4147 276 4191 C:
287 4147 318 4190 sr't
329 4172 348 4178 -
361 4149 504 4190 sacramenti
513 4148 535 4190 itt
547 4159 620 4201 marg.
631 4147 674 4189 alia
685 4159 763 4189 mann.
805 4158 825 4200 7.
836 4144 866 4188 E:
877 4143 910 4193 rt.
952 4144 973 4188 8.
983 4144 1012 4188 E:
1023 4144 1119 4202 aliquid.

137 4217 164 4261 tll
181 4217 256 4261 Mill:
271 4218 380 4260 convcrri
392 4219 468 4261 deest:
484 4217 515 4260 C:
531 4218 553 4259 in
570 4229 643 4269 marg.
659 4217 702 4258 alia
718 4228 796 4258 manu.
851 4214 881 4258 18.
897 4214 950 4257 nu:
965 4215 1119 4258 sallectalem.

136 4301 169 4331 22.
185 4289 216 4331 ll:
225 4288 357 4344 figuraret.
415 4287 448 4330 25.
464 4291 552 4329 tonnam
567 4287 682 4343 regulam.
741 4297 774 4339 27.
790 4285 823 4328 C:
838 4290 934 4327 terrena
949 4284 972 4327 in
988 4297 1060 4338 marg.
1077 4286 1120 4328 alia

137 4371 214 4401 mann.
256 4362 291 4400 ’.8.
303 4358 354 4401 Cli:
372 4358 429 4413 Cap.
445 4357 490 4400 l'II.
506 4357 577 4400 dcc-st.
618 4367 654 4407 ao.
671 4356 698 4398 ll:
715 4355 745 4398 Et
758 4359 784 4397 tt!
796 4367 826 4401 a:
840 4354 935 4397 nacti:
950 4358 1027 4396 autem
1042 4355 1115 4405 deest;

137 4430 166 4472 ib.
184 4430 215 4471 lt:
235 4430 324 4472 clarius
338 4429 414 4475 deest:
436 4428 465 4470 ib.
483 4428 514 4471 n:
526 4426 667 4483 superetur.
722 4424 752 4468 31.
768 4424 799 4467 D:
818 4425 946 4468 orettvr'tur.
