3104 5168
224 452 289 498 car.
302 437 344 526 n]
557 459 602 509 nn
622 459 865 511 uticunnistu.

224 629 288 677 tam
319 630 552 679 sacramentum
586 637 683 700 quam
716 638 832 699 corpus
862 617 1073 682 dominicum.
1107 619 1204 693 Quod

224 734 328 783 autem
350 720 408 782 ista
425 719 484 783 fuit
502 736 578 783 tunc
601 721 763 783 sentencia
785 723 931 785 Romane
955 724 1096 801 ecclesie,
1120 737 1206 804 patet

224 846 260 885 ex
290 824 404 887 tribus:
438 825 543 907 primo
571 827 647 908 quia
677 826 709 887 in
738 828 851 888 eodem
881 828 1008 888 decreto
1038 847 1075 888 ex
1102 826 1205 888 verbis

224 929 333 991 notarii
367 929 410 991 sic
444 930 589 993 habetur:
628 931 705 993 Hoc
742 934 821 994 lecto
858 942 886 994 et
913 934 1057 1014 perlecto
1094 942 1207 1013 sponte

200 1034 405 1115 5subscripsi.
438 1035 539 1097 Hanc
566 1037 797 1118 consessionem
826 1057 883 1098 sne
893 1036 978 1118 fidei
1005 1037 1044 1099 de
1072 1056 1207 1117 corpore

223 1150 250 1200 et
271 1140 432 1221 sanguine
454 1140 575 1202 domini
600 1142 701 1204 nostri
722 1140 799 1202 Jesu
826 1141 943 1202 Christi
965 1162 984 1203 a
1010 1142 1205 1224 Beringario

222 1245 318 1305 Rome
341 1264 450 1305 coram
476 1255 600 1308 centum
625 1241 710 1320 14⁶¹*
733 1247 890 1327 episcopis
901 1246 1045 1328 factam.
1069 1247 1115 1307 Ex
1140 1267 1205 1328 quo

223 1361 306 1430 patet
337 1350 426 1431 quod
464 1350 594 1411 ecclesia
633 1364 718 1412 tante
758 1349 865 1411 sinodi
905 1371 968 1411 non
1009 1352 1206 1432 permitteret

224 1454 460 1515 revocacionem
491 1455 605 1536 prioris
634 1456 753 1517 heresis
787 1470 818 1517 et
847 1456 1082 1537 correpcionem
1115 1477 1206 1519 suam

186 1558 289 1621 iasine
304 1558 462 1640 vituperio
479 1560 538 1620 sub
556 1559 616 1621 hiis
627 1560 732 1622 verbis
749 1560 808 1622 nisi
825 1581 915 1623 suam
933 1559 1031 1622 fidem
1041 1575 1204 1644 tamquam

226 1663 414 1725 katholicam
430 1667 634 1746 approbaret.
651 1665 800 1726 Secundo
817 1664 1024 1728 confirmatur
1040 1687 1076 1727 ex
1093 1668 1205 1728 eodem

226 1768 347 1829 decreto
367 1770 455 1850 quod
476 1769 535 1831 ista
558 1768 618 1831 luit
639 1785 714 1831 tunc
730 1771 876 1831 Romane
893 1771 1021 1832 ecclesie
1037 1772 1206 1835 sentencia.

226 1874 306 1934 Nam
329 1873 449 1935 ibidem
473 1874 516 1934 sic
540 1874 701 1936 scribitur:
726 1875 817 1936 Misit
835 1895 924 1957 papa
948 1876 1127 1937 Nicholaus
1145 1897 1208 1958 per

226 1977 318 2039 urbes
341 1978 446 2055 Italie‚
474 1978 644 2041 Germania
671 1980 777 2041 Gallie
806 1990 834 2041 et
857 1979 900 2040 ad
922 1999 1111 2062 quecunque
1136 1982 1206 2042 loca

202 2096 214 2146 5
215 2083 312 2165 fama
324 2083 499 2165 pravitatis
516 2084 584 2146 eius
595 2086 769 2165 pervenire
792 2095 866 2146 ante
883 2087 999 2166 potuit,
1025 2095 1059 2146 ut
1074 2085 1206 2147 ecclesie

224 2208 282 2269 que
299 2189 396 2269 prius
420 2188 593 2250 doluerant
621 2189 660 2251 de
688 2189 823 2251 adverso
852 2199 947 2272 atque
971 2190 1106 2270 diverse,
1130 2200 1207 2272 post

225 2312 260 2354 ea
290 2294 472 2376 gauderent
503 2294 542 2355 de
575 2313 706 2356 reverso
738 2304 835 2376 atque
864 2314 1026 2357 converso.
1064 2297 1109 2355 Ex
1140 2294 1206 2356 istis

225 2398 399 2460 luculenter
421 2413 506 2480 patet
530 2400 618 2480 quod
642 2398 772 2460 ecclesia
795 2413 870 2461 tunc
894 2399 990 2460 sensit
1013 2399 1207 2460 sentenciam

226 2503 397 2584 predictam
422 2503 592 2586 Beringarii
627 2524 693 2565 esse
722 2502 916 2565 katholicam
950 2517 980 2564 et
1012 2503 1206 2565 sentenciam

187 2634 216 2668 20
227 2607 267 2667 illi
291 2607 483 2670 contrariam
506 2628 573 2670 esse
597 2607 778 2670 hereticam.

266 2712 382 2774 Tercio
410 2711 618 2775 confirmatur
644 2712 729 2773 idem
759 2733 815 2794 per
844 2713 903 2774 hoc
927 2714 1014 2795 quod
1043 2711 1075 2772 in
1103 2711 1205 2794 prima

226 2816 428 2879 revocacione
460 2838 518 2879 sua
548 2831 741 2899 protestatus
775 2815 875 2877 luerat
907 2818 966 2877 sub
999 2817 1058 2877 hiis
1088 2816 1204 2877 verbis:

228 2920 402 2983 Consencio
422 2933 530 2984 autem
550 2932 662 2984 sancte
677 2922 823 2983 Romane
842 2923 975 2983 ecclesie
989 2931 1018 2982 et
1035 2921 1207 3002 apostolice

225 3025 301 3101 sedi,
316 3037 347 3087 et
361 3045 418 3089 ore
432 3047 472 3089 ac
487 3027 586 3089 corde
596 3026 756 3108 profiteor
766 3026 805 3087 de
819 3027 1033 3087 sacramentis
1050 3026 1206 3088 dominice

187 3142 331 3193 25mense
362 3132 498 3210 eandem
516 3131 622 3213 fidem
657 3151 707 3192 me
738 3140 846 3192 tenere
874 3150 967 3212 qnam
997 3130 1145 3193 dominus
1178 3140 1209 3193 et

224 3236 412 3298 venerahilis
438 3255 529 3318 papa
563 3235 741 3297 Nicholans
778 3244 808 3296 et
840 3236 897 3297 hec
928 3246 1041 3297 sancta
1074 3234 1208 3296 sinodus

223 3344 411 3404 anctoritate
431 3341 612 3424 evanqelica
634 3351 662 3403 et
687 3340 862 3421 apostoliea
887 3339 1058 3401 tenendam
1075 3340 1207 3401 tradidit

225 3446 379 3527 michique
401 3447 612 3529 confirmarit.
647 3446 687 3506 Et
712 3458 785 3526 post
814 3443 981 3506 confitetur
1012 3445 1205 3507 sentenciam

224 3551 447 3633 supradictam.
482 3552 529 3612 Ex
557 3551 674 3634 quibus
709 3549 868 3631 colligitur
896 3550 983 3632 quod
1013 3551 1207 3611 sentenciam

275 3828 326 3881 ,4,5.
338 3826 410 3871 hue:
425 3826 606 3883 sponteacripsi.
648 3839 669 3880 7.
678 3827 778 3882 sactum.
794 3828 875 3869 (lete-ra
890 3826 948 3869 infra
964 3833 1104 3880 sequuntur:
1112 3827 1208 3882 sachun

226 3899 285 3941 misit
295 3910 360 3954 papa
370 3897 483 3941 Nicotaus
495 3909 540 3952 per
554 3899 622 3940 nrbes
634 3897 722 3947 Italiae,
739 3897 889 3948 tierrnmn'ae,
906 3896 999 3939 Galliae
1012 3896 1045 3939 ad
1059 3908 1210 3952 quaecunque

225 3969 275 4011 loca
281 3969 355 4024 farma
365 3968 493 4023 prauitatis
506 3968 556 4010 eius
567 3968 695 4022 peria-nire
708 3972 762 4008 ante
774 3967 852 4021 potnit
863 3998 867 4006 .
880 3997 885 4006 .
897 3997 919 4007 ..
987 3980 1008 4020 u.
1025 3966 1099 4009 hue:
1119 3971 1141 4009 et
1155 3979 1209 4009 con-

225 4039 360 4094 cepcionem.
406 4050 437 4081 to.
449 4038 481 4082 C:
496 4037 542 4080 hiis
556 4037 632 4087 dcest;
647 4037 677 4079 ib.
690 4037 764 4079 lllllt:
780 4049 821 4079 nec
835 4047 909 4078 sitiam.
957 4047 985 4079 12.
997 4035 1070 4078 Alte:
1087 4036 1208 4090 tuncsuit.

226 4110 255 4152 ui.
271 4109 302 4152 C:
320 4109 369 4151 siue
382 4108 483 4151 diuerso.
564 4119 595 4161 ¹7·
611 4108 663 4150 AB:
682 4108 828 4162 prudenter:
848 4107 879 4149 ih.
895 4106 925 4148 E:
945 4105 981 4148 lic
995 4117 1048 4161 quo.
1123 4119 1156 4150 22.
1172 4120 1208 4151 re·

224 4190 362 4230 vocacione
393 4175 644 4231 intabuit-frithelo!
673 4176 738 4230 legit:
772 4176 947 4227 ratificat-ioum
979 4175 1011 4218 D:
1045 4178 1207 4219 renovatione.

224 4259 257 4304 27.
268 4248 362 4292 ABCE:
376 4248 519 4290 auctoritate
532 4247 608 4297 deest;
624 4245 717 4289 Caddit
732 4245 754 4288 in
771 4258 843 4299 marg.
856 4246 900 4288 alia
911 4257 993 4295 marui:
1009 4246 1040 4289 ib.
1052 4245 1084 4288 ll:
1099 4246 1206 4289 tenenda.

282 4411 320 4462 13.
339 4409 377 4458 De
397 4409 609 4469 Consecratione‚
629 4409 688 4457 dist.
709 4408 737 4470 ΙΙ,
756 4423 812 4472 cap.
830 4422 863 4471 4²
884 4408 900 4456 1.
920 4423 941 4456 c.

1261 2728 1311 2770 Our
1325 2727 1384 2770 vicu·

1233 2780 1360 2835 supported
1377 2781 1406 2837 hy

1269 2832 1305 2874 his
1320 2834 1369 2875 tirst

1247 2885 1389 2929 rei-oration.
