3104 5168
437 1381 699 1460 cttltulutt
722 1382 913 1461 PRIMUM.

228 1590 302 1653 Duo
323 1604 397 1653 sunt
416 1606 613 1653 sacramenta
629 1593 779 1673 precipua
796 1593 827 1654 in
845 1592 961 1675 quibus
978 1593 1109 1656 ecclesia
1125 1607 1171 1656 est
1187 1608 1374 1669 narrentanas

185 1696 288 1773 illusa,
311 1694 430 1757 scilicet
451 1709 685 1758 sacramentum
702 1697 870 1760 eukaristie
887 1714 917 1760 et
934 1713 1170 1760 sacramentum
1184 1660 1383 1808 cnffidsniffine

188 1800 374 1881 penitencie.
391 1799 424 1862 ln
442 1814 641 1863 sacramento
658 1801 824 1863 eukaristie
837 1802 1050 1867 Antichristus
1061 1805 1169 1885 paula·
1181 1818 1386 1862 wharthenostis.

162 1906 251 1973 5tive
268 1918 392 1966 tantum
404 1904 527 1966 seduxit
538 1904 704 1967 ecclesiam
717 1906 805 1987 quod
817 1905 890 1969 fecit
901 1927 969 1968 eam
985 1906 1172 1989 quiditatem

186 2009 280 2071 huius
319 2009 506 2070 sacramenti
539 2008 696 2071 sensibilis
728 2010 941 2090 ignorantem.
976 2011 1383 2093 Superadditttcwqutunave

185 2113 284 2176 eciam
308 2113 397 2195 quod
421 2113 546 2195 ignorat
569 2115 656 2196 quod
680 2113 811 2198 quilibet
832 2116 979 2177 sacerdos
996 2131 1168 2199 quantum·
1185 2078 1378 2191 gielihsslilsihlri

185 2238 312 2301 cunque
345 2217 494 2301 indignus
527 2218 621 2280 fuerit
652 2218 852 2281 conficiendo
886 2219 958 2282 lacit
985 2219 1170 2301 regulariter
1193 2178 1376 2296 s·{i¹ii}¹r¹i¹iler

186 2324 266 2386 ultra
290 2322 350 2384 hoc
373 2323 463 2406 quod
487 2323 628 2386 fecerunt
651 2337 755 2404 patres
780 2325 893 2386 veteris
918 2325 1100 2387 testamenti
1120 2288 1387 2400 velalny'rraic'sslati'd'in

146 2429 320 2511 roapostoli
348 2427 501 2491 miracula
530 2426 663 2492 infinita.
697 2429 758 2492 Sed
788 2429 978 2492 miraculum
1007 2429 1092 2492 istud
1124 2443 1170 2493 est
1219 2392 1345 2436 ‘hemme'

186 2533 437 2616 imperceptibile
465 2548 560 2617 atque
588 2535 711 2597 inutile.
744 2535 999 2616 lmperceptibile
1029 2534 1170 2617 quidem,
1193 2548 1368 2621 *Thisnrlracte

186 2640 260 2720 quia
284 2653 358 2721 post
381 2641 660 2701 consecracionem
682 2659 795 2702 sensus
819 2655 854 2702 ut
877 2639 965 2722 prius
983 2639 1169 2701 renunciant
1190 2601 1374 2709 ἷὲἶιὲἶῗὲῖἶῆῑῖῗὲ

185 2744 274 2828 quod
297 2757 345 2807 est
367 2743 474 2825 panis3
499 2758 529 2806 et
554 2744 664 2807 inutile
681 2756 739 2825 est,
763 2744 837 2827 quia
860 2764 916 2826 per
932 2743 1170 2806 confeccionem

186 2869 277 2910 suam
313 2848 363 2932 (ut
397 2848 475 2911 salse
507 2846 672 2931 inquiunt)
711 2848 802 2931 panis
839 2849 1022 2930 destruitur,
1061 2869 1171 2932 ymmo

148 2966 175 3017 15
187 2953 318 3016 materia
341 2952 443 3036 prima
460 2973 522 3036 que
538 2966 585 3015 est
602 2952 848 3016 fundamentum
866 2968 978 3016 nature
994 2954 1171 3016 secundum

187 3079 220 3120 se
243 3072 345 3121 totam
369 3058 485 3121 desinit
509 3077 587 3137 esse,
611 3077 647 3120 ac
670 3058 694 3120 si
708 3058 792 3121 Deus
818 3058 848 3121 in
874 3059 987 3121 mundi
1011 3057 1171 3140 principio

188 3164 352 3226 materiam
369 3177 488 3227 crearet
503 3163 696 3246 superfluam
714 3164 764 3227 vel
779 3163 871 3227 aliter
880 3183 939 3247 pro
950 3163 1170 3226 sacerdotibus

188 3268 374 3331 Antichristi
412 3268 575 3351 discipulis
614 3269 779 3331 materiam
818 3269 957 3352 primam
987 3268 1102 3330 creavit
1139 3268 1171 3330 in

187 3373 300 3436 mundi
323 3372 491 3457 principio,
515 3387 550 3436 ut
574 3394 612 3436 ex
635 3394 671 3436 ea
696 3373 881 3456 blaspheme
905 3387 936 3436 et
960 3372 1173 3454 irregulariter

146 3506 177 3540 20
187 3492 373 3541 consecrent
397 3498 514 3561 corpus
539 3477 659 3542 Christi
689 3491 719 3540 et
747 3477 957 3560 postmodum
986 3475 1053 3539 sine
1076 3496 1171 3540 causa

187 3583 377 3646 miraculose
411 3585 514 3667 ipsam
546 3582 753 3646 adnichilent.
782 3582 875 3646 Talia
903 3597 1012 3647 autem
1040 3581 1172 3645 ridicula

187 3686 310 3750 infinita
350 3708 413 3771 que
450 3686 560 3751 fideles
598 3700 764 3769 evacuant,
809 3686 946 3751 dicendo
984 3688 1073 3773 quod
1111 3687 1172 3750 hoc

240 3938 260 3970 2.
274 3928 309 3970 A:
324 3926 437 3981 Sequitur
450 3927 480 3970 de
494 3926 663 3983 consessione
681 3927 698 3969 B
722 3927 744 3969 in
766 3937 851 3982 marg:
871 3926 975 3970 Errores
987 3927 1018 3970 de
1031 3926 1172 3971 Eucarirtia.

189 3999 213 4041 ln
220 4010 293 4051 marg.
305 3997 348 4040 alia
359 4009 444 4041 manu:
456 3995 559 4054 wiclefi,-
568 3997 600 4041 C:
610 3996 695 4053 Incipit
704 3997 998 4041 tractatuschulrart'rtia
1008 4003 1030 4041 et
1040 3997 1173 4041 Periiterrcia

188 4072 211 4111 et
219 4066 342 4111 secandum
352 4067 413 4110 alios
423 4065 619 4122 deConjussiorre.
632 4066 667 4109 De
676 4066 826 4110 Eucharisticr
835 4071 859 4110 et
868 4066 1023 4123 Confessione
1038 4067 1060 4109 in
1073 4067 1111 4110 red
1120 4066 1172 4120 inlr;

757 4136 891 4180 Eucaristie

757 4189 898 4233 Perritertcie.

188 4271 208 4313 7.
232 4259 264 4302 ll:
288 4259 423 4314 ignoraret.
508 4272 530 4312 o.
546 4262 643 4312 patrem
665 4257 754 4301 coda:
776 4259 864 4312 plures.
944 4270 976 4302 ro.
991 4258 1024 4300 ll:
1047 4257 1173 4301 mirabilia.

189 4341 214 4372 rr.
226 4329 254 4371 li:
266 4327 358 4383 quidem
373 4331 414 4370 est.
469 4339 501 4378 14.
517 4326 568 4369 lili:
582 4331 608 4370 ut
622 4328 699 4379 deest;
711 4328 733 4370 in
745 4339 818 4381 rnurg.
830 4327 901 4370 addit.
958 4339 988 4382 ¹7·
1000 4326 1032 4369 lt:
1047 4324 1172 4383 superflue.

189 4398 219 4441 ru.
234 4397 265 4440 C:
281 4397 407 4452 disciputus
419 4428 423 4438 .
436 4430 441 4438 .
453 4428 457 4438 .
469 4397 587 4439 creaverit
592 4411 600 4448 ;
621 4396 652 4439 ib.
668 4397 696 4439 li:
719 4397 810 4440 curavit
823 4397 855 4439 in.
923 4408 956 4452 ¹9·
975 4395 1171 4439 irrevocabiliter.

466 4161 496 4205 li:
511 4161 547 4205 De
560 4166 707 4205 sacramento
