3104 5168
160 471 227 517 aar.
241 454 294 543 nc]
498 474 543 523 na
562 472 805 523 aucuaarsru.

161 630 314 715 particula
325 630 594 693 sacramentaliter
606 650 779 691 remanere.
791 630 832 692 Et
841 630 903 691 isto
914 630 1013 692 modo
1025 631 1149 692 videtur

161 737 324 800 Thomam
347 737 452 799 dicere
474 755 570 817 super
593 734 801 797 distinccione
823 735 876 813 IX,
904 735 1073 817 questione
1094 735 1148 813 11³,

160 843 247 925 quod
264 851 416 904 creatura
432 840 639 902 irracionalis
651 841 749 903 sumit
761 859 881 921 corpus
894 839 1022 902 Christi.
1037 840 1148 901 Wilel-

162 969 232 1010 mus
264 963 373 1011 autem
399 947 432 1007 in
456 947 502 1008 De
527 947 732 1009 sacramento
757 946 874 1008 Altaria
899 947 1025 1007 videtur
1046 946 1148 1008 dicere

137 1054 248 1136 tquod
273 1052 416 1136 quinque
444 1051 549 1113 modis
577 1050 732 1133 accipitur
760 1071 875 1133 corpus
901 1050 1017 1113 Christi
1047 1064 1077 1112 et
1103 1052 1149 1113 sic

162 1178 234 1221 mus
251 1156 300 1242 (ut
316 1153 435 1242 inquit)
451 1157 585 1219 comedit
600 1175 719 1237 corpus
732 1155 851 1218 Christi
867 1156 999 1217 realiter
1013 1155 1070 1217 sed
1085 1176 1148 1219 non

161 1263 441 1327 sacramentaliter
472 1281 574 1344 neque
605 1261 829 1343 spiritualiter.
866 1259 927 1322 Sed
952 1260 1043 1341 absit,
1075 1260 1151 1323 licet

162 1388 273 1431 omnes
289 1368 340 1430 isti
356 1365 470 1454 (eciam
488 1363 586 1451 papa)
603 1367 747 1447 dixerint,
772 1366 860 1449 quod
876 1365 976 1428 bestia
999 1379 1030 1428 et
1052 1386 1149 1428 omne

162 1473 358 1535 manducans
374 1471 513 1535 hostiam
527 1471 700 1533 manducat
713 1483 880 1552 propterea
892 1489 1009 1552 corpus
1019 1469 1148 1550 Christi,
1184 1479 1221 1523 ‘so
1235 1481 1286 1524 take
1302 1480 1338 1523 ne

1159 1533 1270 1576 clements
1285 1533 1305 1575 is
1320 1539 1360 1576 not

123 1579 244 1640 rosicut
264 1575 534 1660 exemplificatum
552 1589 599 1638 est
612 1576 651 1637 de
668 1575 786 1654 anima,
810 1593 921 1658 ymmo
938 1574 1021 1657 loyci
1039 1575 1150 1637 dicunt
1190 1585 1333 1680 {petraaknffegp

161 1683 263 1766 quod,
286 1681 368 1744 sicut
391 1680 473 1760 fons,
497 1681 584 1742 lacus
609 1680 659 1742 vet
683 1680 781 1742 bestia
804 1678 920 1762 accipit
943 1699 1061 1763 aquam
1086 1698 1148 1762 que
1163 1691 1242 1784 ”3¹5³
1256 1690 1362 1784 rhipheis

163 1788 201 1849 de
229 1785 312 1849 facto
343 1798 390 1849 est
419 1796 653 1848 sacramentum
684 1785 845 1868 baptismi,
879 1796 909 1847 et
940 1796 1048 1847 tamen
1082 1803 1147 1847 non
1190 1753 1341 1838 asciriuiient·b

163 1892 341 1974 baptizatur
362 1892 412 1953 vel
434 1890 549 1974 accipit
572 1889 779 1972 baptismum,
804 1890 847 1952 sic
865 1892 964 1954 multa
987 1890 1149 1974 accipiunt

163 1996 255 2059 illum
278 2015 396 2078 panem
422 1996 470 2058 vel
498 1995 551 2059 illa
578 1995 768 2074 accidencia,
797 2015 859 2077 que
892 1996 931 2057 de
960 1995 1045 2059 facto
1073 2007 1149 2058 sunt

123 2109 411 2175 15sacramentum‚
446 2115 476 2163 et
500 2114 607 2162 tamen
635 2120 698 2164 non
729 2100 889 2182 accipiunt
912 2114 1145 2162 sacramentum

163 2205 239 2290 quia
262 2225 327 2268 non
351 2207 412 2268 sub
435 2205 562 2268 racione
585 2205 783 2268 sacramenti.

207 2310 270 2375 Sed
293 2310 425 2373 dimissa
452 2309 512 2373 ista
539 2310 750 2373 altercacione
777 2310 876 2394 loycis
905 2312 1046 2373 concedo
1075 2330 1150 2372 cum

162 2417 269 2500 glossa
292 2415 456 2478 communi
480 2435 577 2497 super
597 2413 805 2476 distinccione
832 2416 981 2488 secunda,
1008 2414 1149 2497 capitulo

164 2521 237 2583 Non
261 2521 330 2600 iste,
360 2520 447 2603 quod
472 2537 590 2601 corpus
617 2518 734 2582 Christi
757 2537 819 2581 non
844 2517 1009 2581 descendit
1031 2519 1063 2580 in
1086 2529 1150 2582 sto-

122 2650 154 2685 20
164 2627 321 2702 maelium,
346 2639 377 2688 et
401 2643 501 2707 usque
523 2625 566 2685 ad
580 2644 675 2706 quem
697 2622 800 2687 locum
817 2623 948 2686 ducitur
958 2643 1021 2705 per
1036 2624 1149 2705 gulam

165 2732 282 2794 nescio.
316 2730 409 2794 Unde
439 2742 544 2792 textus
567 2749 640 2791 vere
668 2728 758 2791 dicit:
793 2728 865 2791 Non
896 2730 955 2790 iste
976 2731 1077 2810 panis
1105 2738 1152 2791 est

165 2837 220 2919 qui
241 2836 328 2898 vadit
351 2836 383 2896 in
407 2853 535 2916 corpus.
571 2832 752 2917 Tripliciter
774 2833 860 2895 enim
882 2832 1038 2915 accipitur
1061 2835 1151 2915 panis

165 2943 204 3003 ad
228 2941 433 3024 propositum
448 2940 481 3002 in
498 2939 655 3022 scriptura
670 2959 757 3001 sacra
774 2951 805 3001 et
821 2938 937 3001 sanctis
954 2938 1150 3014 doctoribus,

165 3046 284 3109 scilicet
308 3066 368 3128 pro
391 3065 474 3127 pane
503 3044 605 3107 usuali
635 3063 732 3127 quem
762 3044 877 3126 vulgus
911 3044 1061 3123 comedit,
1094 3063 1151 3125 pro

124 3159 154 3211 25
165 3170 248 3234 pane
259 3165 440 3213 consecrato
452 3149 507 3232 qui
519 3161 566 3212 est
576 3160 828 3229 sacramentum;
842 3168 937 3232 quem
952 3148 1151 3228 Augustinus

165 3269 259 3320 vocat
277 3276 400 3339 panem
424 3255 581 3335 celestem,
617 3268 647 3317 et
670 3275 730 3336 pro
754 3274 834 3332 pane
867 3253 982 3316 ultimo
1015 3252 1151 3333 figurato

165 3361 220 3444 qui
238 3373 286 3424 est
301 3360 447 3424 Christus
464 3361 551 3422 Deus
568 3373 685 3422 noster.
703 3360 744 3422 Et
759 3359 850 3421 istam
869 3358 1152 3440 equivocacionem

166 3467 248 3530 sicut
271 3465 460 3549 equivocam
484 3465 620 3527 istorum
637 3463 895 3547 predicacionem
913 3477 1041 3545 oportet
1060 3461 1149 3524 theo·

166 3573 277 3652 logum
301 3585 423 3633 notare.
457 3569 491 3634 Si
515 3569 600 3632 enim
625 3570 716 3651 panis
740 3569 794 3651 qui
827 3582 875 3631 est
898 3588 1011 3650 corpus
1035 3567 1151 3630 Christi

218 3787 234 3821 t.
249 3775 279 3818 E:
294 3775 497 3819 sacramentaliter
510 3785 633 3818 remanere
646 3773 717 3818 deest.
770 3787 793 3823 4.
808 3773 841 3815 D:
856 3772 936 3815 ibide.
990 3784 1017 3816 rr.
1033 3772 1064 3814 D:
1080 3772 1152 3815 locus.

167 3843 195 3889 13.
210 3845 263 3889 AB:
283 3843 314 3888 Et
325 3845 373 3896 sic,·
390 3843 464 3888 ABC:
484 3843 563 3894 multi;
583 3841 614 3886 C:
634 3841 741 3886 correxit.
800 3842 831 3887 18.
847 3841 866 3886 C
880 3841 902 3885 in
919 3852 1005 3895 marga
1024 3841 1060 3884 De
1073 3852 1152 3883 conae-

165 3915 281 3958 craca'one.
332 3926 364 3969 19.
380 3912 411 3957 E:
427 3912 538 3956 Nonustc.
587 3924 620 3955 22.
636 3911 724 3956 Codd.:
740 3912 809 3954 cadit.
859 3907 892 3954 23.
907 3909 981 3955 ABC:
995 3921 1065 3954 sacra
1081 3908 1152 3953 duest.

165 3996 201 4039 24,
209 3983 241 4029 25.
251 3983 281 4028 C:
293 3995 359 4039 quem
375 3994 461 4038 -pane
470 3982 494 4026 in
503 3993 576 4038 marg.
585 3982 629 4026 alia
638 3993 715 4024 manu.
751 3981 785 4024 28.
794 3980 866 4025 ABC:
876 3980 1151 4036 sicutequr'rocacionem.

219 4107 243 4142 2.
270 4092 352 4142 Recte
379 4093 439 4141 dist.
468 4092 508 4153 ΙΙΙ,
538 4102 639 4156 quaest.
667 4090 685 4151 1,
714 4091 769 4138 Art.
793 4089 813 4138 ΙΙ
842 4088 858 4138 1.
878 4104 900 4137 c.
928 4103 987 4153 pag.
1014 4089 1068 4155 139,
1096 4103 1152 4151 140.

168 4179 377 4242 swithelmus,
405 4195 441 4229 sc.
461 4180 493 4229 de
512 4180 609 4228 Sancto
627 4179 734 4226 Amore.
818 4191 856 4242 19·
876 4175 951 4225 Decr.
970 4174 1058 4224 Tertia
1081 4175 1151 4236 Pars,

165 4268 205 4318 De
224 4267 441 4329 Consecracione,
463 4268 521 4316 dist.
541 4267 570 4327 ll,
589 4280 645 4330 cap.
665 4264 731 4313 LVI.
751 4262 791 4314 Ci.
806 4263 928 4313 Glossam
942 4263 1000 4312 ord.
1013 4263 1045 4311 ad
1058 4277 1152 4311 vocem

167 4355 226 4405 Nou
241 4357 291 4405 iste
300 4357 389 4417 pariis.
453 4353 493 4405 26.
513 4354 583 4419 Opp.
596 4363 660 4402 tom.
674 4352 715 4414 Ill,
730 4365 753 4414 2,
765 4365 825 4418 494,
839 4352 870 4413 V,
885 4348 943 4414 326,
958 4351 1016 4413 334,
1031 4351 1088 4416 339,
1102 4350 1152 4413 344

167 4445 204 4506 (et
222 4443 341 4508 passim).
